1874 2961
75 174 153 209 dem
168 169 248 206 anni
276 179 369 206 nova
392 166 511 211 Causae
526 164 625 208 huius
638 161 797 211 cognitio
812 161 1070 211 splendidiffimo
1086 160 1165 199 huic
1179 162 1305 200 Ordini
1325 165 1402 202 data
1417 120 1501 207 futirz

77 221 166 256 nihil
184 228 297 253 tamen
324 221 432 253 aCtum
455 216 501 250 est
526 214 668 249 addiem
687 214 788 260 usque
803 222 854 258 24.
884 211 1040 247 transacti
1062 210 1180 247 mensis
1196 238 1206 252 ,
1231 225 1297 258 qua
1321 225 1500 260 urgentQ

76 269 278 303 Promotore
291 265 412 301 Fiscali
429 292 439 305 ,
463 263 570 298 visum
596 261 642 295 est
663 259 697 294 R
722 269 759 296 t·-
776 262 821 296 l).
842 260 1004 295 Auditori
1039 262 1224 295 decernere
1240 286 1250 299 ,
1276 269 1313 295 ut
1339 263 1437 297 causa
1465 262 1501 296 in

76 315 139 350 hac
153 313 428 360 Congrcgatione
451 320 596 345 omnino
611 319 877 354 proponc1·etu1·;
905 306 927 341 fi
955 310 985 342 id
999 319 1065 342 non
1081 306 1181 342 fieret
1194 334 1204 347 ,
1231 308 1347 344 liceret
1366 307 1502 354 Episco-

77 375 122 411 po
145 372 282 407 operam
311 360 388 394 dare
404 384 414 397 ‚
440 366 476 392 ut
497 356 656 402 rescripta
686 356 777 390 edita
802 368 820 389 a
836 357 1113 401 Congregatione
1130 355 1333 401 particulari
1354 368 1502 402 exeque-

80 419 199 446 rentur
210 432 220 442 .
244 407 448 452 Proponitur
471 416 536 438 non
554 404 663 449 igitur
676 402 785 438 Causa
797 429 807 443 ,
820 404 850 438 &
865 403 1108 437 Cominunitas
1123 429 1132 442 ‚
1158 402 1253 445 cuius
1269 403 1408 439 libellus
1423 413 1503 438 tan·

79 468 154 494 tum
168 454 262 492 nobis
280 455 436 488 hactenus
449 453 543 486 datus
560 451 623 485 fuit
634 478 643 491 ‚
668 451 815 498 postulat
830 478 840 491 ,
857 459 893 485 ut
908 449 1164 487 Eminentiffimi
1179 449 1296 486 Patres
1312 451 1356 486 ab
1368 462 1508 488 eorum-

81 506 161 541 dem
183 501 421 546 rescriptorum
445 499 588 534 scientia
612 498 812 533 discedant.

35 554 228 590 Rationes,
252 550 374 596 quibus
398 547 457 582 illa
474 546 604 585 utitur,
627 547 676 581 ha:
704 544 806 581 ferme
825 548 923 585 sunm
948 546 1076 582 nullam
1103 546 1254 593 proponi
1276 545 1508 583 necessitatem

82 597 237 646 erigendi
250 607 379 632 novum
395 594 646 631 Seminarium3
675 591 755 629 satis
782 594 871 630 illud
896 593 983 636 esse,
1006 597 1098 641 quod⁴
1115 593 1149 628 in
1174 594 1333 630 Hortana
1347 593 1509 630 Civitate

82 648 235 683 erectum
259 643 329 683 est,
357 642 414 678 ubi
439 652 556 677 omnes
580 651 793 678 conveniunt
818 643 995 690 utriusque
1018 640 1185 678 Dioecesis
1198 641 1396 677 Castellanae
1412 641 1511 677 seili-

84 703 140 730 cet
155 721 164 736 ,
190 693 221 728 δι
242 692 405 726 Hortana:
422 688 590 724 Civitatis
613 688 858 728 Adolescentes
883 718 894 732 ,
920 693 1019 739 idque
1045 691 1150 726 etiam
1175 688 1390 724 commodius
1421 688 1484 725 esse
1500 716 1511 728 ,

84 740 190 775 Taza
214 737 404 784 siquidem,
429 748 505 783 quat
519 738 600 775 uni,
625 740 870 788 communique
891 738 1076 775 Seminario
1102 737 1182 772 satie
1209 735 1274 771 effe
1301 736 1432 782 potest,
1456 736 1512 771 di-

90 787 239 826 stinffls,
262 786 296 821 8<
311 784 474 835 separatis
487 784 594 829 impar
617 782 684 824 est,
710 796 774 823 nec
800 786 1064 834 multiplicanda
1079 784 1144 820 esse
1156 795 1264 820 onera
1279 809 1290 823 ‚
1315 794 1352 819 ut
1363 782 1435 819 duo
1446 782 1512 818 fint

90 833 280 871 Seminaria
295 859 306 872 ‚
330 833 389 867 ubl
400 842 504 867 unum
526 831 605 868 saris
620 829 666 866 est
679 859 689 872 ,
715 843 752 868 ut
762 834 802 870 sit
815 863 826 878 ,
849 848 927 872 cum
951 847 1016 870 non
1032 833 1206 869 versemur
1231 832 1267 865 in
1279 831 1486 875 amplissimis
1501 857 1513 870 ‚

87 879 428 929 frequentiffimisque
445 878 592 919 Urbium
605 879 824 920 Dioecefibus
837 912 847 925 ‚
875 896 945 930 quo
970 883 1049 918 casu
1062 878 1200 926 lingulis
1214 877 1431 914 Dioecefibus
1444 876 1514 912 sm-

87 930 168 977 gula
191 928 277 975 erigi
293 926 483 962 Seminaria
511 927 679 972 optimum
716 928 795 966 esset
811 958 822 972 ,
847 930 902 966 sed
928 932 965 965 in
992 928 1140 976 augustis
1174 934 1247 961 tum
1272 924 1486 961 Dioecesibus
1503 950 1515 963 ‚

87 986 165 1012 tum
192 974 430 1014 Civitatibus,
455 975 628 1009 hominum
657 977 761 1012 etiam
788 979 972 1025 populique
997 973 1224 1023 infrequentia
1249 972 1514 1011 laborantibus;

88 1022 252 1061 Deficere
278 1022 323 1058 Ob
351 1021 383 1057 id
409 1021 554 1064 iustam,
579 1022 770 1068 legitimam
788 1050 799 1065 ,
824 1028 857 1061 8<
883 1023 1106 1060 necessariam
1127 1021 1297 1056 mutandae
1323 1019 1515 1056 voluntatis

90 1071 227 1107 causam
243 1097 252 1110 ,
268 1082 343 1117 quae
360 1077 397 1104 ut
409 1080 525 1104 omnes
545 1079 675 1104 norunt
691 1097 700 1111 ,
725 1072 750 1107 si
772 1073 939 1110 mutanda
955 1071 1002 1107 est
1014 1098 1024 1111 ‚
1049 1070 1085 1106 in
1108 1068 1229 1104 melius
1245 1072 1373 1103 mutari
1386 1068 1488 1102 debet
1505 1092 1517 1106 ‚

91 1119 187 1165 quod
214 1118 270 1154 hic
293 1118 410 1153 locum
441 1116 568 1152 habere
594 1128 663 1153 non
676 1120 809 1166 potest,
837 1133 917 1158 cum
933 1118 1060 1165 ambigi
1079 1125 1229 1163 nequeat
1242 1115 1403 1151 scientias
1417 1115 1518 1160 longe

91 1165 218 1204 melius
243 1166 278 1200 in
296 1166 376 1200 urbe
402 1162 532 1203 Roma,
558 1175 661 1210 quam
686 1167 723 1201 in
746 1169 897 1203 aliarum
923 1165 1076 1202 Urbium
1097 1162 1299 1199 seminariis
1327 1162 1519 1208 comparari

91 1212 187 1261 posse
204 1240 214 1253 ,
245 1212 334 1248 nulli
359 1211 518 1257 liquidem
533 1210 608 1246 sunt
630 1213 718 1249 docti
751 1215 983 1260 Praeceptores
997 1238 1008 1252 ‚
1033 1212 1093 1258 qui
1107 1209 1167 1246 nisi
1181 1210 1307 1257 grande
1333 1209 1491 1245 mercede
1509 1235 1521 1249 ,

94 1260 328 1306 stipendioque
347 1257 508 1294 conducti
532 1258 734 1295 alliciantur
757 1288 767 1302 ‚
793 1263 915 1298 urbem
942 1260 1054 1295 velint
1067 1258 1224 1294 deserere
1240 1282 1251 1296 ‚
1275 1258 1306 1292 δι
1322 1256 1359 1292 in
1373 1257 1521 1292 minores

95 1307 194 1343 hasce
210 1306 388 1346 Civitates
407 1304 599 1340 COsscedere
615 1334 625 1346 ‚
656 1308 687 1342 ἃ
702 1311 790 1354 quod
804 1311 942 1355 gravius
958 1307 1005 1342 est
1023 1307 1114 1341 intra
1127 1304 1354 1340 Seminarium
1367 1331 1377 1344 ,
1403 1303 1519 1338 veluti

96 1355 188 1391 intra
215 1364 370 1388 carceres
395 1352 506 1387 vitam
522 1352 708 1389 traducere
724 1383 731 1390 .
760 1356 907 1391 Accedit
940 1354 1143 1390 solutionem
1168 1351 1330 1387 scut-160.
1346 1378 1355 1391 ,
1382 1362 1519 1397 quauL»

97 1401 215 1438 voluit
241 1401 340 1435 Sacra
363 1399 598 1445 Congregatio
622 1399 841 1438 particularis
854 1429 864 1442 ‚
889 1402 1074 1437 faciendam
1090 1400 1218 1446 semper
1232 1397 1297 1433 esse
1307 1397 1496 1433 Seminario
1510 1421 1521 1437 ,

101 1447 187 1482 licet
211 1446 327 1492 aliquo
351 1454 510 1491 temporis
531 1446 640 1493 spatio
654 1448 768 1484 nullus
798 1451 833 1485 in
854 1461 896 1485 eo
913 1450 951 1483 lit
973 1446 1142 1484 Gall:fius
1165 1446 1289 1484 Civis;
1314 1448 1379 1481 hoc
1405 1453 1521 1480 autem

97 1504 251 1542 pugnare
263 1519 275 1533 ,
300 1504 379 1528 cum
392 1494 570 1539 voluntate
583 1493 752 1532 testatoris
771 1524 780 1538 ,
811 1497 870 1544 qui
886 1496 984 1539 iussit
1000 1497 1062 1531 hoc
1075 1494 1152 1530 casu
1166 1493 1441 1538 multiplicandos
1457 1489 1524 1526 esse

100 1541 251 1576 redditus
273 1540 479 1576 haereditatis
501 1540 565 1577 suae
580 1567 589 1581 ,
615 1551 653 1577 ut
678 1545 733 1578 vel
747 1543 860 1580 sextus
876 1543 1082 1579 Adolescens
1110 1541 1145 1577 in
1158 1543 1238 1576 urbe
1252 1541 1365 1576 studiis
1381 1549 1524 1586 operam

99 1591 180 1626 dare
194 1585 306 1634 posse.
333 1590 419 1623 l-laec
435 1614 445 1627 ‚
471 1597 578 1636 atque
599 1590 667 1625 alia
684 1589 758 1626 sunt
776 1591 809 1626 in
831 1591 954 1626 libello
966 1588 1238 1626 communitatis
1266 1615 1277 1630 ,
1301 1589 1422 1635 quibus
1445 1597 1523 1634 per·

103 1634 211 1684 pensis
225 1661 234 1674 ,
263 1644 425 1680 poterunt
440 1634 700 1672 Eminentiflimi
727 1639 847 1674 Patres
871 1638 1057 1674 decernere
1075 1663 1085 1672 .

56 1685 119 1722 ’.Αη
125 1685 171 1728 fit
175 1683 331 1725 standum
344 1710 356 1724 ‚
381 1685 441 1720 vel
458 1687 674 1722 receeendnm
688 1698 708 1720 a
724 1686 850 1731 Dectfis
868 1689 904 1723 in
917 1687 995 1731 casu
1019 1691 1097 1723 &c-

152 1781 282 1818 Iterum
308 1792 524 1830 proponatur
537 1808 548 1819 .

62 1921 139 2007 E
155 1918 388 1959 UGUBINA
415 1915 773 1956 PRJEFECTURAE
793 1918 953 1955 CHORI
970 1932 982 1958 3
1007 1918 1098 1961 Juss'u
1114 1918 1321 1968 Ampliffimi
1341 1917 1441 1961 huius
1457 1917 1528 1953 Or—

170 1970 258 2004 dinis
284 1968 354 2002 hxc
368 1967 466 2002 causa
492 1969 693 2014 proponitur
707 1995 718 2008 ,
743 1980 817 2015 qux
830 1965 1005 2015 postquam
1018 1967 1144 2013 pluries
1156 1969 1233 2004 data
1244 1967 1352 2004 fuerat
1371 1967 1407 2001 in
1420 1964 1530 2005 foliis,

115 2016 288 2064 proposita
303 2014 413 2049 furtin
428 2014 707 2062 Congregatione
721 2015 836 2051 habita
863 2013 920 2050 die
947 2023 998 2060 17.
1013 2015 1096 2057 Julii
1112 2015 1211 2059 hujus
1227 2014 1309 2050 anni
1328 2040 1338 2054 ‚
1363 2015 1395 2049 &
1411 2011 1531 2048 rescri-

114 2064 253 2110 pserunt
278 2061 545 2097 Eminentissimi
574 2064 689 2098 Patres
705 2081 738 2088 --
768 2063 890 2098 Dilata
915 2066 959 2099 Θ
977 2071 1193 2111 proponatur
1216 2065 1347 2099 omnino
1371 2070 1450 2097 ante
1472 2065 1534 2096 Fe-

113 2115 190 2148 rius
210 2129 244 2135 --
268 2110 492 2156 obsequimur
523 2110 641 2156 itaque
663 2110 856 2149 mandatis,
888 2117 925 2144 ut
953 2113 1103 2162 repetita
1130 2111 1278 2146 lectione
1302 2108 1463 2144 foliorum
1490 2118 1533 2141 o-

114 2157 248 2195 mnium
264 2184 274 2198 ,
298 2169 372 2204 qua:
386 2167 616 2207 numerantur
638 2158 674 2193 in
698 2158 762 2193 illo
773 2156 1064 2203 Congregationis
1085 2158 1154 2195 diei
1173 2168 1224 2205 ¹7·
1238 2155 1394 2194 transacti
1404 2153 1532 2191 Menfis

116 2205 199 2250 Julii
212 2205 417 2251 reipundere
439 2205 568 2249 polsint
581 2232 591 2242 .

68 2253 344 2298 'Ansttslanu'um
355 2277 367 2291 ,
392 2253 452 2288 vel
465 2254 684 2289 recedendum
697 2264 717 2287 a
730 2250 856 2294 Dectfis
871 2254 906 2286 in
917 2251 992 2295 casin
1009 2255 1087 2290 (rc.

166 2354 293 2389 Dilata
307 2379 318 2394 ,
343 2351 376 2386 &
395 2349 635 2387 examinentur
662 2350 821 2387 formiter
842 2350 939 2386 testes
963 2352 1125 2397 produffi
1151 2364 1173 2389 a
1193 2349 1397 2400 Praeposno.

177 2487 389 2530 OMANA‚
413 2487 501 2525 SEU
525 2486 801 2525 BONONIEN.
828 2486 1034 2523 LEGATI.
1057 2488 1195 2536 Species
1206 2486 1316 2524 omnis
1328 2484 1428 2528 huius
1441 2483 1534 2521 Cau-

189 2537 228 2571 sae
241 2563 252 2577 ‚
276 2540 308 2573 &
322 2550 395 2583 quae
409 2536 701 2585 proponebantur
714 2561 724 2575 ,
749 2534 903 2570 rationes
915 2534 1071 2581 exprellae
1099 2535 1241 2571 suerunt
1266 2535 1302 2570 in
1317 2533 1419 2568 Folio
1438 2532 1535 2568 Con-

128 2584 338 2630 gregationis
357 2586 481 2620 habitae
505 2584 621 2629 die17.
650 2581 817 2627 superiori
831 2581 948 2618 mensis
966 2582 1076 2624 Julii;
1099 2582 1157 2619 sed
1177 2581 1274 2620 causa
1300 2581 1334 2617 in
1360 2580 1420 2616 illa
1441 2579 1536 2615 Con-

127 2632 325 2677 gregatione
350 2632 491 2679 proponi
514 2641 581 2665 non
595 2630 732 2676 potuim
760 2630 883 2665 iterum
905 2632 1013 2677 igitur
1032 2630 1109 2666 dara
1131 2629 1198 2666 fuit
1213 2631 1248 2666 in
1262 2629 1364 2665 Folio
1377 2627 1538 2674 Congre-

127 2678 279 2723 gationis
302 2679 367 2713 diei
395 2688 429 2726 7.
447 2678 600 2714 transaffl
623 2674 741 2712 mensis
756 2677 925 2725 Augusti;
950 2689 1029 2714 cum
1041 2689 1123 2715 vero
1136 2675 1537 2715 EminentissimiPatres

127 2725 163 2760 in
186 2724 333 2763 diversas
347 2725 478 2764 iverint
502 2725 687 2763 sententias
706 2750 719 2765 ,
743 2725 947 2775 rescriptum
976 2726 1044 2764 fuit
1066 2744 1105 2756 --
1129 2733 1258 2766 Iterum
1278 2732 1493 2773 proponatur
1506 2739 1539 2747 --

1409 2770 1540 2805 Damus

1559 1928 1677 1968 &eff-²4·
1689 1934 1713 1963 e.
1722 1936 1767 1963 ιι*

1562 1972 1597 2002 de
1607 1972 1661 2013 rofi

1570 2496 1637 2537 Seff.
1651 2505 1704 2535 25·
1720 2502 1777 2535 “⁴⁸

1573 2539 1610 2570 de
1619 2538 1674 2577 refi
