1901 2970
23 108 148 147 &huu-
173 104 275 140 dubio
305 103 504 150 responsum
534 102 622 140 suit‚·
646 103 831 149 negative.
865 99 1040 146 Superatis
1076 107 1166 134 nune
1189 107 1207 132 a
1223 95 1423 146 Marchione
1446 92 1521 146 de...

33 153 185 193 Castelui
207 150 364 186 omnibus
380 149 570 185 obstaculis
588 177 596 188 ,
621 160 698 185 cum
715 148 758 184 ad
782 149 1045 194 exequutionem
1060 145 1297 190 rescriptorum
1321 142 1415 177 Sacri
1430 140 1518 175 Tri-

37 201 169 239 bunalis
189 207 391 245 properaret
406 225 414 237 ,
437 199 642 242 prepeditus
656 196 720 231 fuit
735 197 833 235 :votis
851 195 1044 230 incolarum
1059 220 1069 234 ,
1094 193 1149 240 qui
1176 193 1335 227 Decimas
1366 188 1494 224 solvere
1507 216 1517 229 ‚

45 251 77 287 &
91 247 242 294 praestare
255 245 411 279 volentes
427 243 640 289 postularunt
654 246 747 278 abeo
763 270 772 283 ‚
794 253 832 278 ut
856 253 983 287 peteret
997 243 1148 286 recessum
1173 254 1191 273 a
1216 240 1329 282 decisis
1352 240 1386 289 iri
1406 239 1517 287 'tertio

41 296 139 332 dubio
157 307 165 326 ι
193 291 375 339 obsequens
389 293 507 336 itaque
529 291 683 327 Marchio
705 290 897 326 eorumdem
913 290 1076 324 desiderio
1089 287 1261 323 retractari
1278 287 1516 322 definitionem

47 342 139 377 illam
163 338 328 385 postulat,
358 340 390 373 &
407 337 550 373 dubium
566 338 764 384 proponitur
779 348 868 371 nunc
883 351 910 371 .-

0 387 272 433 'Anfitstandlcm
287 412 296 425 ‚
328 386 388 422 vel
405 388 621 422 recedendum
635 400 654 420 a
668 386 780 428 decisis
793 386 896 431 sirper
917 388 1023 421 tertio
1051 381 1162 419 Dubio
1188 384 1223 417 in
1237 383 1316 426 casu
1331 385 1408 417 &c-

173 493 446 563 Episcopo
465 511 568 563 pro
592 495 968 547 informatione
987 531 1002 555 ,
1023 498 1072 545 ὃ(
1093 504 1230 544 voto
1250 489 1406 558 super
1427 502 1517 537 no-

71 566 155 618 vis
175 563 426 632 precibus
447 604 460 626 ,
479 567 668 616 audito
686 565 944 630 Capitulo
967 601 980 614 .

0 671 79 755 L
97 670 278 708 UCANA
300 671 624 713 MATRIMONiJ
640 699 647 707 .
674 670 968 715 Dispensationem
982 681 999 704 a
1013 667 1143 714 duplici
1161 666 1402 712 impedimento
1415 663 1513 699 Con·
1549 685 1623 731 Seff
1638 696 1656 721 2
1708 699 1725 721 c
1749 695 1770 721 2

107 718 342 763 sanguinitatis
357 745 367 756 ,
392 718 631 764 &spiritualis
646 718 875 764 Cognationis
898 718 1119 764 impetrarunt
1138 727 1156 750 a
1180 713 1401 749 sacratissimo
1415 712 1515 746 Prin-
1547 695 1788 781 deilizessuiiat‘

49 767 124 812 cipe
139 764 261 801 Nostro
275 790 285 803 ,
314 774 351 799 ut
364 766 616 800 matrimonium
631 765 828 801 contrahere
851 763 975 811 possent
990 763 1142 798 Thomas
1164 759 1348 799 Andreotti
1363 783 1373 796 ‚
1393 759 1424 793 &
1439 757 1516 793 Ca·
1664 759 1672 769 ¹
1774 765 1781 773 ·

43 814 175 848 thanna
190 810 288 846 Cerri
304 811 414 846 Vidua
430 813 520 848 Petri
535 813 718 848 Andreotti
734 812 858 846 Vicani
877 812 1026 853 k'orcarii
1042 807 1330 845 Archidiaeceseos
1347 803 1517 844 Lucensis,

45 857 196 905 expressa
222 859 342 897 causa,
367 858 458 904 quod
474 885 496 898 ,‚
524 859 655 894 insimul
670 858 861 895 conversati
890 858 988 899 sunt,
1015 856 1270 892 carnalitamen
1283 853 1403 899 copula
1426 852 1517 887 inter

0 933 24 950 „
47 918 106 943 eos
128 904 270 940 minime
291 905 495 952 subsequuta
509 934 517 946 ,
544 908 574 940 &
590 905 813 943 nihilominus
827 914 904 942 orta
927 904 972 941 est
988 904 1098 952 gravis
1113 901 1252 948 suspicio
1266 926 1276 939 ,
1290 901 1369 936 licet
1386 898 1517 940 falsa-2,

0 980 22 996 ‚‚
47 953 135 1000 quod
153 951 185 986 se
212 950 396 987 carnaliter
419 955 668 992 cognoveri-inu
691 952 731 987 Et
754 951 811 987 nisi
837 952 1095 988 matrimonium
1116 949 1333 985 contrahatur
1364 973 1375 986 ‚
1398 946 1518 982 dicta...

0 1025 21 1044 .,
44 998 236 1036 Camerina
257 999 408 1044 graviter
419 998 610 1041 diffamata,
637 1000 828 1046 &innupta
846 1009 1031 1035 remaneret
1046 1025 1056 1038 ,
1080 996 1263 1044 graviaque
1288 993 1410 1030 exinde
1424 993 1517 1027 scan-

0 1074 25 1091 „
50 1047 125 1082 dala
143 1047 335 1081 orirentur.
356 1072 381 1087 ,‚
407 1047 472 1081 His
487 1046 617 1083 Literis
635 1046 842 1093 Apostolicis
860 1073 870 1085 ,
882 1058 953 1092 quae
967 1048 1006 1082 ad
1022 1045 1198 1081 Vicarium
1212 1041 1418 1077 Generalem
1429 1039 1518 1075 data:

49 1094 184 1130 suerunt
198 1120 207 1133 ,
235 1094 381 1139 acceptis
395 1121 405 1134 ,
427 1094 549 1141 quibus
574 1095 706 1130 adiectae
720 1103 815 1128 erant
843 1092 999 1129 formulae
1026 1089 1290 1127 conditionales:
1313 1091 1352 1124 de
1361 1090 1518 1138 premis·-

40 1142 87 1185 fis
108 1152 144 1178 te
160 1143 346 1188 diligenter
370 1142 530 1184 informes
545 1167 556 1180 ,
585 1142 667 1185 &fi
683 1153 805 1189 preces
833 1143 988 1176 veritate
1013 1143 1080 1176 niti
1106 1140 1256 1185 repert‘es
1281 1150 1291 1170 =
1328 1142 1517 1184 examinati

43 1188 182 1223 suerunt
214 1199 355 1233 quatuor
379 1188 502 1223 Testes
524 1214 534 1227 ,
559 1187 616 1235 qui
642 1186 832 1233 expressam
858 1188 893 1221 in
909 1186 1020 1222 literis
1032 1184 1165 1221 causam
1178 1182 1428 1232 verificabant.
1454 1180 1520 1231 His

42 1236 164 1270 auditis
190 1233 349 1270 Vicarius
374 1235 553 1271 Generalis
581 1235 797 1270 definitivum
831 1230 913 1269 tulit
937 1234 1108 1269 decretum
1124 1259 1133 1271 ‚
1160 1243 1225 1278 quo
1242 1255 1269 1270 „
1288 1227 1434 1265 constito
1455 1226 1517 1261 sibi

0 1310 21 1326 ,‚
44 1282 139 1330 prius
160 1284 200 1316 de
217 1283 359 1317 veritate
374 1282 522 1317 omnium
551 1283 584 1317 in
601 1281 724 1316 esdem
751 1281 873 1316 litteris
892 1280 1100 1325 Apostolicis
1125 1279 1160 1313 in
1187 1278 1293 1314 forma
1320 1274 1440 1326 Brevis
1473 1284 1516 1308 ex

0 1357 22 1373 ‚,
49 1328 113 1364 fide
136 1328 248 1374 dignis
274 1329 397 1364 habitis
422 1328 718 1365 informationibus
744 1355 754 1368 ,
780 1337 881 1374 atque
912 1339 955 1362 ex
980 1325 1246 1370 depositionibus
1271 1324 1418 1371 plurium
1446 1318 1518 1354 Te-

0 1404 22 1420 „
47 1376 143 1412 stium
157 1377 222 1410 &c-
248 1377 522 1411 examinatorum
546 1377 610 1410 ὄις.
624 1377 666 1411 ad
681 1387 834 1410 tenorem
853 1386 967 1410 earum
991 1372 1200 1420 dispensavit
1215 1396 1227 1407 .
1508 1413 1517 1419 ἡ

0 1425 71 1461 Post
87 1425 150 1458 hoc
166 1424 353 1459 Decretum
381 1423 532 1458 suffectus
547 1423 610 1458 fuit
623 1422 709 1457 alter
736 1422 889 1457 Vicarius
912 1421 1093 1457 Generalis
1118 1420 1154 1455 in
1177 1421 1292 1455 locum
1315 1417 1408 1453 illius
1426 1440 1438 1453 ,
1460 1425 1520 1460 qut

42 1471 213 1505 decretum
230 1471 387 1511 tulerat,
408 1471 439 1506 ὰ
467 1471 641 1505 Promotor
668 1469 799 1504 Fiscalas
824 1468 940 1504 Curiae
967 1466 1286 1514 Archiepiscopalis
1313 1464 1431 1499 dicens
1456 1473 1518 1501 ea,

39 1529 112 1564 quae
129 1517 163 1551 in
191 1517 298 1553 literis
322 1517 526 1563 Apostolicis
549 1526 683 1553 narrata
706 1517 869 1556 fuerant,
890 1516 976 1560 falsJ
1000 1516 1096 1561 fiziste
1123 1514 1245 1560 afferta
1261 1540 1271 1553 ‚
1297 1524 1355 1549 nec
1372 1510 1521 1549 conflare

40 1567 80 1601 de
100 1563 281 1611 prees-zris,
308 1565 491 1611 postulavit
513 1575 532 1598 a
556 1576 652 1599 novo
683 1563 824 1598 Vicario
852 1564 942 1606 simi
970 1561 1104 1599 debitas
1136 1562 1394 1607 Informationes
1415 1561 1518 1608 [uper

39 1609 277 1651 verificatione
297 1614 559 1660 priediblorum‚
584 1614 614 1645 3<
636 1611 715 1646 licet
739 1609 884 1646 shomas
902 1610 1088 1646 Andreotti
1101 1610 1280 1654 exciperet
1307 1608 1346 1641 de
1370 1604 1519 1648 Jurlsdi—

41 1658 164 1692 &ionis
191 1658 322 1694 defectu
336 1687 345 1699 ,
370 1669 447 1694 cum
471 1658 577 1692 latum
601 1669 617 1691 a
634 1658 835 1702 precedenti
856 1657 998 1693 Vicario
1012 1656 1173 1691 Generali
1191 1657 1250 1689 hac
1272 1653 1314 1687 de
1342 1651 1450 1688 fuisset
1465 1652 1520 1686 de-

38 1701 214 1740 finitiuum
234 1708 402 1741 decretum
415 1731 425 1745 ‚
451 1706 480 1740 &
495 1703 686 1750 appellasset
699 1707 800 1739 etiam
817 1707 854 1739 ad
872 1703 1114 1739 Sanetiffinum
1128 1730 1138 1743 ,
1166 1703 1272 1744 Judex
1283 1710 1400 1735 tamen
1415 1698 1516 1732 absti-

40 1762 120 1786 nere
146 1751 256 1787 noluit
273 1781 282 1792 ,
305 1755 336 1788 δι
363 1751 511 1788 examini
537 1751 676 1792 subiecit
693 1752 880 1786 Parochum
894 1751 1046 1786 l’orcarii
1064 1778 1074 1791 ‚
1088 1749 1145 1797 qui
1159 1750 1244 1785 licet
1261 1747 1353 1793 prius
1366 1744 1518 1782 testifica-

39 1808 170 1834 tionem
196 1799 321 1836 fecisset
334 1827 344 1840 ,
364 1812 430 1846 qua
444 1800 569 1833 veritas
587 1809 797 1834 narrat-orum
825 1800 858 1832 in
875 1798 1000 1833 Literis
1024 1795 1284 1843 dispensationis
1314 1793 1521 1838 comproba-

39 1845 164 1886 batur,
191 1849 224 1882 in
238 1848 332 1894 genii
346 1857 459 1882 tamen
473 1845 663 1880 sanissime
686 1857 760 1880 eam
783 1844 880 1880 elusit
896 1871 906 1884 ,
931 1847 963 1880 &
981 1844 1121 1891 negavit
1138 1852 1275 1878 narrata
1302 1841 1336 1876 in
1365 1840 1492 1875 Literis
1508 1861 1519 1874 .

41 1893 184 1928 Aditum
200 1894 358 1936 aSponsis
379 1893 545 1928 tribunal
562 1892 896 1938 signaturaeJu-titie
926 1888 1184 1937 circumscripsit
1213 1891 1282 1923 aaa
1313 1888 1430 1923 omnia
1455 1897 1519 1921 co-

39 1949 112 1974 ram
135 1952 227 1975 novo
246 1940 384 1977 Vicario
408 1940 574 1975 Generali
592 1966 600 1978 ‚
627 1940 679 1975 sed
703 1941 778 1974 inde
804 1939 881 1974 data
906 1938 972 1974 fuit
999 1939 1193 1974 Promotori
1230 1935 1352 1972 Fiscali
1373 1933 1521 1968 facultas

41 1984 98 2020 sua
111 1987 190 2028 Jura
208 1988 415 2036 proponendi
431 1989 466 2022 in
483 1989 549 2022 hoc
570 1987 672 2022 Sacro
708 1986 882 2020 sribunili
900 2012 911 2029 ,
933 1987 964 2021 &
984 1986 1101 2021 audito
1129 1985 1198 2027 iam
1230 1980 1520 2029 Archiepiscopo‚

40 2031 151 2068 Causa
167 2046 256 2070 nunc
271 2036 495 2082 proponitur,
522 2034 770 2078 postulantibus
784 2032 902 2079 sponsis
921 2060 931 2074 ,
957 2042 994 2068 ut
1018 2032 1200 2068 definiatur
1228 2030 1366 2065 Literas
1385 2027 1520 2073 dispen-

40 2078 179 2117 sationis
193 2080 258 2116 effe
279 2082 492 2128 exequendas
505 2108 515 2121 ‚
542 2093 621 2127 quia
645 2090 780 2116 narrata
795 2090 939 2127 quatuor
951 2079 1110 2115 Testibus
1135 2080 1298 2121 formiter
1315 2074 1441 2112 auditis
1460 2085 1521 2109 ve-

39 2125 173 2163 rificata
191 2129 329 2164 fuerunt
349 2155 359 2168 ,
385 2132 444 2175 qui
468 2127 775 2169 extrajudicialiter
799 2125 1051 2163 testificationes
1081 2126 1155 2161 suas
1177 2124 1462 2161 ratihabuerunt‚
1486 2121 1520 2155 δί

39 2183 106 2210 tres
130 2175 191 2210 alii
210 2176 325 2212 Testes
348 2178 489 2214 eadem,
516 2186 590 2222 quae
617 2175 651 2208 in
671 2175 797 2210 Literis
823 2183 960 2210 narrata
993 2174 1130 2209 fuerunt
1150 2200 1161 2213 ,
1187 2169 1384 2207 confirment
1405 2182 1414 2201 ε
1443 2168 1522 2202 Alit

9 2262 12 2265 ,
41 2232 121 2270 vero
150 2221 275 2258 Testes
297 2223 367 2259 dati
391 2235 409 2256 a
441 2222 636 2258 Proinotore
659 2221 779 2257 Fiscali
800 2233 867 2256 non
901 2220 960 2255 sint
981 2220 1155 2268 spefitandi
1171 2246 1180 2259 ,
1208 2218 1263 2254 vel
1280 2220 1324 2252 ob
1336 2216 1539 2260 exceptio-¹

39 2279 121 2309 nes,
143 2281 223 2316 quas
237 2270 359 2306 habent
373 2269 493 2316 singuli
520 2270 554 2302 in
568 2271 663 2304 dietis
679 2295 689 2309 ,
714 2267 769 2304 vel
783 2279 862 2315 quta
875 2268 1039 2303 contrarii
1054 2278 1123 2302 non
1146 2266 1208 2300 sint
1223 2263 1263 2299 iis
1278 2289 1289 2303 ,
1314 2265 1371 2310 qui
1399 2272 1518 2297 narra-

40 2325 77 2350 ta
99 2318 134 2351 in
156 2319 262 2352 literis
290 2316 542 2364 dispensationis
567 2316 790 2355 confirmant,
817 2326 892 2350 cum
905 2326 1049 2361 utraque
1065 2312 1257 2348 testificatio
1274 2323 1354 2346 vera
1369 2308 1433 2361 esse
1446 2306 1517 2352 pos'

39 2363 81 2399 fit
97 2387 109 2398 .
133 2364 278 2401 Videant
299 2365 414 2411 itaque
429 2365 542 2399 Patres
559 2364 762 2411 Ainpliflimi
775 2388 785 2402 ‚
798 2374 863 2409 qua
879 2364 967 2404 juris
980 2361 1111 2397 ratione
1124 2359 1374 2407 expediendum
1384 2358 1423 2392 ut
1439 2356 1520 2391 Du·

43 2411 160 2451 bium,
181 2412 275 2459 quod
300 2411 498 2458 proponitur
512 2432 523 2444 .

0 2464 54 2496 An
69 2463 192 2496 Litcrae
204 2460 407 2508 ,Apostolicae
421 2459 681 2506 dispeufiztionis
695 2457 763 2501 sint
783 2459 983 2505 exequenda:
1008 2459 1043 2493 in
1058 2456 1133 2500 casu
1161 2457 1247 2492 &cv-

169 2567 498 2622 Affirmative
518 2608 527 2619 0

191 2748 275 2783 Toni.
283 2749 383 2781 XVII.
579 2781 614 2793 ,μ’
857 2744 883 2782 Ε
920 2755 940 2780 2
1383 2735 1474 2772 Ro·-
