1874 2961
1451 122 1494 160 7¹

37 161 182 207 amplius
200 187 208 197 .
230 161 286 197 Ad
299 159 467 196 decimum
486 160 588 196 tertio
599 159 761 207 negative
776 184 785 197 ,
809 159 839 194 δι
854 157 1015 202 amplius.
1043 158 1096 192 Ad
1111 159 1280 195 decimum
1293 167 1418 206 quarto
1446 188 1453 198 ,
1469 163 1501 196 ὅ(

35 210 200 246 decimum
222 210 343 255 quinto
369 208 520 245 servetur
540 207 682 243 solitum
696 235 710 249 .,
730 206 788 243 Ad
808 208 974 241 decimum
1005 204 1098 238 sexto
1128 218 1290 252 ncgauvc
1309 210 1345 242 .ιά
1363 219 1500 253 primam

34 266 163 302 partem
184 283 194 292 .
222 255 441 293 Affirmative
469 256 511 289 ad
540 256 737 294 secundam,
764 255 794 290 ὅ(
811 252 976 297 amplius.
1008 253 1062 287 Ad
1087 256 1254 288 decnnum
1272 256 1414 298 septimo
1443 267 1501 290 nc-

31 303 149 356 gative
162 305 202 344 ad
215 305 357 350 primam
374 312 524 349 partem.
552 302 770 339 Affirmative
790 304 828 336 ad
855 300 1032 338 secundam
1057 323 1068 337 ‚
1089 301 1273 336 dummodo
1305 302 1498 336 sustituendi

33 353 95 386 lint
113 351 154 387 de
178 350 307 399 gremio
330 349 683 387 Hebdomadarioruun
702 378 708 385 .
733 350 787 385 Ad
800 348 967 384 decimum
989 348 1107 383 ottavo
1132 350 1314 395 negative.
1336 351 1390 383 Ad
1406 350 1501 383 dcci-

36 410 126 433 mum
140 412 234 436 nono
251 398 408 444 negative
422 424 432 437 ,
456 397 487 432 ὅ(
513 398 680 444 amplius.
701 396 758 433 Ad
782 395 978 444 vigesimum
991 395 1162 443 provisum
1179 407 1214 431 in
1229 408 1321 432 nono
1333 423 1344 437 ,
1369 397 1400 431 δι
1418 395 1500 443 Epi-

34 445 150 494 scopus
173 455 289 483 utatur
311 447 384 490 jure
409 444 489 488 suo,
519 446 552 480 &
573 444 740 492 amplius.

120 587 305 628 RIXIEN.
333 586 719 625 RESTITUTIONIS
754 585 808 623 IN
845 584 1118 624 INTEGRUM
1138 609 1151 625 ρ
1181 587 1276 631 cujus
1301 586 1367 623 hoc
1393 596 1496 623 unum

36 689 94 720 An
111 635 375 728 fissaffountcgcgizda
393 683 561 724 restitutio
576 686 610 719 in
625 686 795 730 integrum
812 685 845 719 In
861 683 936 726 cafir
950 686 1025 718 &c-

134 783 257 821 Dilata
272 807 282 822 ,
306 782 338 818 &
365 781 612 825 coadjuvemur
629 780 869 828 probationes,
896 782 930 818 8(
955 782 1169 819 examinetur
1196 781 1343 817 Orator.

158 919 419 960 lNERBIEN.
452 919 1100 959 ARCHIPRAESBYTERATUS
1129 948 1138 958 .
1170 920 1210 958 Si
1237 929 1310 969 qua
1340 931 1497 968 unquam

168 972 285 1009 Causa
302 972 370 1009 fuit
389 1000 400 1015 ‚
429 975 463 1008 in
478 985 550 1021 qua
565 973 819 1021 tenuiquidem
852 986 888 1009 re
910 981 1077 1020 ageretur
1091 1001 1103 1020 ‚
1131 972 1188 1009 sed
1217 971 1320 1007 alteri
1343 971 1498 1017 litigan-

84 1029 175 1065 tium
191 1036 254 1072 ρει·
273 1023 438 1060 summam
457 1024 622 1071 injuriam
640 1026 786 1060 inimica
809 1027 929 1060 omnia
944 1051 954 1066 ‚
986 1035 1091 1073 atque
1108 1023 1232 1060 infesta
1258 1022 1407 1065 fuerint,
1424 1023 1497 1057 haec

84 1075 253 1126 profesto
269 1075 317 1113 est
333 1092 355 1118 ‚·
375 1076 409 1110 in
423 1087 494 1124 qua
508 1076 630 1121 agitur
657 1076 700 1111 de
717 1075 1089 1123 Archipresbyteratu
1118 1075 1280 1113 Ecclefiae
1310 1073 1496 1122 Oppiduli

84 1127 224 1167 Montis
240 1127 392 1164 Milonis
406 1154 417 1170 ‚
447 1129 508 1175 qui
527 1127 704 1165 redditum
720 1139 872 1165 annuum
893 1126 1030 1175 praestat
1047 1127 1258 1165 ducatorum
1276 1125 1384 1162 trium
1404 1126 1496 1161 Auri

83 1181 268 1218 Camcrae:
300 1178 452 1215 Dimiss'a
481 1179 546 1214 hac
565 1178 769 1215 l'arochiali
787 1192 806 1214 a
821 1177 1011 1215 Francisco
1038 1178 1167 1217 Graeco
1182 1206 1193 1222 ‚
1224 1176 1404 1226 proposita
1418 1175 1498 1211 fue-

83 1242 162 1270 runt
177 1230 333 1273 Edicta,
364 1230 398 1265 8(
418 1229 589 1277 praefinita
615 1231 693 1267 dies
723 1230 870 1268 habendi
899 1231 1126 1267 Concursum
1144 1255 1153 1268 .
1181 1230 1276 1266 Cum
1307 1229 1398 1263 intra
1421 1226 1497 1274 spa-

83 1286 176 1321 tium
191 1282 277 1318 οξὶο
290 1279 455 1317 mensium
471 1282 588 1319 nullus
605 1282 795 1319 accesslsset
811 1307 821 1323 ‚
843 1281 1043 1329 Episcopus
1060 1279 1330 1319 Minerbinenfis
1347 1279 1389 1314 ad
1406 1279 1497 1314 San-

82 1335 177 1372 Etam
193 1334 320 1370 Sedem
337 1360 347 1375 ‚
380 1333 425 1368 ad
440 1345 545 1381 quam
572 1333 743 1372 devoluta
770 1333 886 1370 fuerat
903 1333 1051 1368 collatio
1068 1360 1079 1376 ‚
1109 1334 1245 1369 direxit
1262 1330 1494 1367 Sacerdotem

79 1387 295 1436 januarium
321 1385 515 1428 Bellezza‚
547 1387 609 1433 qui
626 1397 700 1422 eam
728 1385 962 1431 impetravit,
993 1384 1172 1421 commissa
1198 1383 1385 1432 Episcopo
1413 1393 1497 1417 exe-

82 1438 262 1487 quutione
278 1465 287 1474 .
316 1435 629 1473 Contradiftorem
659 1446 798 1484 repente
814 1436 870 1472 hic
886 1437 1021 1472 invenit
1036 1435 1266 1474 Sacerdotem
1285 1433 1496 1472 Franciscus

83 1489 228 1536 Fagilla
244 1515 254 1531 ,
293 1489 353 1524 cui
379 1487 507 1524 ssmiles
521 1487 798 1525 Testimoniales
815 1489 940 1524 lireras
968 1488 1166 1524 tradiderat
1183 1485 1380 1535 Episcopus
1397 1511 1408 1526 ‚
1438 1483 1497 1519 sed

84 1542 249 1589 superata
275 1537 564 1576 contradie'tione
592 1541 703 1577 isthac
732 1540 889 1587 provido
903 1540 1050 1576 decreto
1069 1534 1492 1579 EminentiffimiS.R.E.

83 1591 294 1629 Cardinalis
315 1589 545 1629 Aldobrandi
568 1620 578 1635 ‚
608 1592 672 1640 qui
704 1599 786 1627 tunc
815 1603 958 1627 munere
988 1591 1059 1626 Pro
1077 1591 1221 1627 Datarii
1251 1586 1494 1633 fungebatur,

86 1643 262 1681 Sacerdos
291 1642 457 1679 Bellezza
484 1643 526 1678 ad
557 1653 704 1679 examen
729 1642 868 1680 acceffit
891 1655 899 1679 ι
926 1641 1019 1679 Tres
1051 1643 1095 1678 ab
1114 1641 1297 1688 Episcopo
1311 1639 1386 1675 dati
1407 1637 1498 1674 Exa-

83 1696 276 1730 minatores
292 1693 488 1740 propositis
514 1706 642 1731 novem
657 1720 667 1735 ,
696 1705 788 1741 quos
802 1703 933 1730 vocant
948 1720 959 1735 ‚
990 1693 1228 1729 Conscientiae
1247 1690 1381 1726 casibus
1394 1715 1405 1731 ‚
1429 1700 1497 1725 im-

88 1746 227 1793 plicitis
242 1744 434 1792 equidem,
463 1754 571 1794 atque
600 1745 777 1781 involutis
807 1771 817 1787 ‚
848 1744 938 1780 dura
979 1745 1098 1787 facie,
1129 1745 1232 1791 gravi
1274 1740 1463 1789 supercilio
1483 1765 1497 1782 ,

79 1796 283 1843 responsum
323 1795 422 1832 illico
463 1797 691 1841 postularunt
717 1822 728 1838 ‚
770 1808 840 1831 non
881 1796 1040 1834 concessa
1081 1808 1182 1832 mora
1222 1795 1344 1841 aliqua
1374 1820 1385 1837 ,
1432 1799 1496 1828 aut

86 1851 206 1900 quiete
222 1849 258 1882 in
277 1845 427 1892 seposito
442 1875 453 1891 ,
484 1849 519 1885 8(
541 1848 722 1885 secretiori
738 1848 820 1882 loco
834 1873 844 1889 ‚
875 1856 914 1882 ut
931 1847 1006 1884 fieri
1021 1860 1098 1883 mos
1113 1845 1162 1884 est
1176 1876 1188 1885 .

34 1903 223 1954 Qantum
237 1900 414 1944 temporis
432 1899 594 1944 angustia
610 1925 621 1940 ‚
649 1898 867 1946 &judicum
887 1899 1059 1947 iniquitas
1077 1898 1301 1947 patiebatur,
1332 1891 1499 1944 quaestio-

81 1965 165 1990 num
181 1951 295 1987 nodos
311 1949 418 1985 doffte
447 1950 553 1987 solvit
569 1949 732 1986 Bellezza
749 1976 760 1991 ‚
790 1961 894 1997 quem
910 1960 1025 1986 tamen
1047 1950 1323 1986 Examinatores
1357 1955 1497 1981 morum

81 2003 261 2043 censuram
278 2000 342 2038 fibi
356 2001 581 2039 vindicantes
596 2001 837 2046 reprobarunt
855 2000 995 2048 adjesta
1019 2012 1101 2038 nota
1118 2027 1143 2044 „
1173 2001 1220 2037 Et
1241 2009 1423 2046 tamquam
1450 1997 1501 2030 in·

81 2057 231 2101 dignum
260 2054 364 2089 Cura
381 2053 578 2090 animarum
596 2049 834 2089 existimamus
849 2079 876 2095 ‚‚
894 2081 904 2091 .
936 2052 1035 2088 Dum
1054 2052 1154 2088 miser
1182 2053 1244 2088 ille
1272 2051 1323 2085 ita
1351 2049 1496 2084 habitus

82 2103 288 2154 interpofita
303 2104 347 2140 ad
364 2103 432 2140 hoc
450 2104 599 2141 Sacrum
617 2103 791 2140 Tribunal
810 2104 1055 2150 appellatione
1070 2131 1080 2148 ,
1099 2103 1228 2140 famam
1247 2128 1258 2143 ‚
1280 2101 1382 2148 &jus
1397 2101 1498 2135 suum

82 2157 271 2194 defendere
285 2164 415 2203 parat,
444 2155 619 2192 Sacerdos
648 2154 841 2192 Carminus
859 2155 1011 2193 Cicoria
1036 2155 1207 2192 fimilibus
1238 2153 1353 2189 literis
1379 2149 1499 2188 Testi-

83 2207 300 2246 monialibus
326 2206 458 2245 habitis
478 2207 521 2243 ab
543 2206 726 2254 Episcopo
744 2233 755 2249 ‚
786 2207 1190 2255 Archipresbyteratum
1215 2217 1234 2240 a
1252 2202 1410 2240 Dataria
1437 2204 1500 2238 im-

83 2261 246 2308 petravit
261 2261 315 2295 uti
332 2268 519 2294 vacantem
536 2287 545 2296 .
565 2257 695 2295 Emiffa
712 2257 949 2305 potestatione
965 2271 983 2294 a
999 2259 1199 2306 Sacerdute
1216 2255 1395 2297 Bellezza,
1416 2254 1501 2299 Epi·

84 2313 215 2359 scopus
231 2322 271 2346 ea
289 2309 405 2357 spreta
420 2309 607 2347 Cicoriam
625 2309 780 2346 :admifit
794 2337 804 2353 ,
837 2309 895 2345 sed
921 2310 970 2345 ob
999 2310 1217 2356 imperitiam
1246 2305 1397 2354 rejectus
1427 2305 1498 2341 fuit

85 2363 207 2399 addita
225 2361 383 2398 clausula
402 2374 412 2397 ε
429 2389 455 2405 ,,
488 2361 546 2400 Ne
560 2362 712 2408 amplius
735 2361 780 2397 ad
794 2371 940 2396 examen
969 2362 1180 2398 accederet:
1214 2386 1240 2403 ,‚
1272 2356 1498 2396 Provocavit

86 2411 237 2451 Cicoria
253 2413 296 2450 ad
314 2413 383 2448 hoc
396 2413 547 2450 Sacrum
562 2412 743 2449 Tribunal
759 2440 770 2455 ‚
801 2423 952 2460 eumque
971 2412 1175 2459 Episcopus
1194 2438 1204 2453 ‚
1235 2420 1276 2446 ut
1302 2408 1380 2446 fieri
1394 2407 1496 2450 solet,

87 2476 236 2511 rogatus
253 2491 263 2507 ,
282 2473 322 2500 ut
338 2463 431 2501 sensa
445 2467 552 2501 animi
582 2465 741 2512 aperiret
759 2490 769 2506 ,
799 2463 1094 2510 imperitissimum
1109 2463 1204 2498 dixit
1220 2488 1231 2504 ‚
1261 2462 1297 2497 8(
1326 2458 1500 2506 gravibus

89 2517 300 2555 criminibus
329 2517 511 2559 irretitum
530 2546 539 2555 .
567 2515 835 2563 Rescripserunt
872 2513 1142 2551 Eminentiffimi
1173 2512 1323 2554 Patres,
1346 2520 1387 2546 ut
1416 2508 1499 2549 adsta

87 2567 262 2604 examinis
275 2567 598 2605 transmitterentur
613 2580 622 2602 ε
652 2565 747 2602 Cum
764 2577 850 2604 vero
877 2565 1055 2602 Sacerdos
1073 2564 1239 2602 Bellezza
1257 2564 1409 2602 Romam
1435 2573 1501 2609 pe-

87 2625 162 2653 tere
190 2619 326 2662 vellet,
351 2619 602 2656 dimifforiales
630 2618 754 2655 literas
776 2617 905 2655 habuit
934 2617 980 2656 ab
1011 2616 1198 2665 Episcopo
1216 2643 1228 2661 ,
1255 2613 1386 2665 quibus
1417 2625 1497 2652 eum

89 2669 252 2719 probatae
280 2670 438 2709 vite-effe
453 2669 547 2708 dixit
562 2699 572 2709 .
1427 2714 1488 2752 Ad

1552 591 1662 628 soff-22.
1681 599 1736 626 c-5.

1531 629 1566 660 de
1580 630 1632 668 reſs

1532 910 1647 951 S‘ff·²4·
1665 919 1699 941 ω
1710 911 1736 937 8.

1531 953 1566 982 de
1578 952 1631 989 ref}
