1874 2961
1479 160 1493 187 5

177 197 368 241 ILETEN.
394 193 498 230 Redit
512 194 554 228 ad
567 191 740 235 Judicium
754 190 891 227 Parrum
906 191 1195 239 Ampliffimorum
1211 193 1281 230 haec
1294 193 1402 230 Causa
1416 220 1426 235 ,
1448 159 1521 241 qu}
1554 197 1619 239 Seff
1630 207 1675 234 23.
1689 202 1761 230 ωε.

57 204 163 292 Μ
191 251 267 285 data
294 245 356 280 fuit
378 247 410 279 in
438 243 530 277 lolio
563 244 840 287 c‘ongreg.ztionis
867 267 876 279 ‚
903 252 976 286 quae
1006 240 1124 275 habita
1155 239 1200 274 est
1227 245 1281 278 die
1309 248 1337 277 8.
1363 242 1519 278 transacti
1553 240 1588 269 de
1600 240 1715 278 reform,

103 298 220 336 mensis
235 297 345 334 Maii,
372 289 608 337 ampliandum
623 287 826 324 censuerunt
849 299 887 323 ea
911 287 965 322 die
980 286 1247 323 Eminentissimi
1266 289 1401 328 Patres,
1431 301 1521 325 nunc

95 358 179 383 vero
196 341 397 393 proponitur
423 364 432 378 ,
453 347 490 372 ut
523 337 588 372 duo
618 360 628 374 ‚
656 346 728 381 qua:
742 334 935 377 subjicimus
954 361 963 375 ‚
994 335 1109 371 Dubia
1135 337 1335 372 eorumdem
1356 336 1520 383 rescripto

98 395 274 430 solvantur
287 418 295 426 .

62 443 90 480 1.
116 443 174 477 An
187 450 248 487 per
261 434 448 471 Monachos
462 429 660 468 Monasterii
674 431 706 466 S.
720 429 839 465 Maria:
859 429 904 465 de
922 429 1053 465 Patirio
1068 428 1212 465 Ordinis
1227 430 1257 464 S.
1270 429 1381 466 ssafiiii
1403 433 1520 466 debea—

147 499 202 525 tur
223 485 336 530 aliqua
358 479 443 516 taxa'
465 477 655 515 Seminario
682 477 842 512 Mileten.
869 489 928 523 pro
944 476 1098 513 Grancia
1112 503 1122 517 ,
1147 477 1179 512 &
1203 476 1349 514 Ecclesia
1374 479 1493 514 Scaliti
1509 506 1519 519 ,

150 540 194 573 eff
247 541 390 567 antenus
414 530 578 575 negative
598 550 608 559 .

65 585 109 620 11.
136 581 216 618 Ani
240 591 293 615 em
305 575 532 613 Seminarium
556 581 715 609 teneatur
728 572 906 608 restituere
933 573 1021 609 Duc.
1039 583 1093 618 27·
1119 585 1135 607 a
1165 574 1320 621 praefatis
1338 573 1519 613 Monacliis

151 641 241 666 anno
271 623 444 673 prasterito
463 624 596 660 exactos
614 648 625 661 .

149 728 276 766 Dilata
290 748 300 760 .

134 865 337 904 IRMANA
366 864 701 902 SUBSIDIORUM
730 864 1030 902 DOTALIUM:
1060 863 1204 901 Ultimis
1231 862 1378 898 Tabulis
1394 861 1518 897 Testa—
1549 878 1756 917 gestave-15·

147 915 253 951 menti
272 943 281 956 ,
304 915 425 961 quibus
439 913 574 961 scriptis
591 924 680 947 anno
700 923 760 958 172
775 927 800 956 i.
825 915 970 949 decessit
992 913 1157 948 Eleonora
1174 912 1343 947 Marsonia
1357 937 1367 949 ,
1392 911 1446 945 sex
1462 911 1516 945 di-
1547 921 1582 949 de
1593 929 1653 957 reg·

100 963 231 999 stinCtas
262 963 411 998 instituit
438 960 725 1007 Priniogcnituras
753 960 868 997 favore
893 961 1023 996 scilicet
1048 959 1198 995 Xaverii
1215 957 1356 997 Grassi,
1377 957 1517 998 loannis

99 1009 270 1045 Francisci
296 1007 473 1044 Guerrerii
490 1035 499 1048 ‚
528 1006 697 1043 francisci
726 1006 874 1046 Xaverii
891 1036 900 1049 ‚
927 1010 957 1044 &
985 1008 1130 1055 joannis
1156 1006 1308 1053 Baptista:
1337 1004 1516 1044 Morroni,

100 1057 246 1092 Thomae
274 1056 481 1096 Guerrerii,
507 1058 540 1091 &
569 1054 770 1089 Asdrubalis
796 1057 898 1091 Vinci
924 1082 932 1096 ‚
970 1056 1104 1090 vocatis
1129 1065 1243 1090 eorum
1272 1051 1516 1099 I'rimogenitis

99 1104 257 1140 masculis
278 1105 313 1140 in
333 1103 504 1139 infinitum
519 1129 528 1142 ,
555 1102 748 1147 adieetaque
764 1102 851 1137 inter
866 1114 923 1138 eos
941 1105 1114 1148 reciproca
1130 1100 1370 1137 substitutione
1389 1127 1398 1139 ,
1424 1098 1517 1133 filia-

99 1153 164 1188 bus
178 1162 262 1187 vero
274 1152 351 1193 Jure
368 1150 468 1196 legati
488 1150 611 1185 fructus
630 1159 746 1184 omnes
759 1149 929 1188 Censuum
947 1176 956 1189 ,
980 1149 1036 1195 qui
1052 1150 1085 1184 in
1100 1149 1286 1195 hereditate
1308 1155 1402 1182 erant
1421 1173 1432 1186 ,
1457 1157 1517 1181 re-

98 1199 203 1245 liquit
220 1199 317 1234 causa
332 1199 417 1234 dotis
433 1196 617 1243 spiritualis
641 1205 796 1231 tantum:
824 1198 894 1232 Has
921 1197 1009 1232 inter
1030 1198 1225 1243 primiorem
1249 1195 1373 1229 habere
1401 1193 1515 1228 locum

98 1246 213 1282 voluit
240 1244 329 1281 filias
357 1244 502 1280 Xaverii
518 1271 526 1285 ,
552 1245 583 1279 &
603 1244 651 1283 Jo.
667 1242 823 1290 Baptistae
841 1244 1043 1285 Morronii,
1069 1245 1099 1278 &
1121 1243 1235 1289 quoad
1260 1241 1344 1276 alias
1372 1249 1517 1287 quatuor

99 1293 250 1341 praeferri
277 1292 393 1328 voluit
417 1300 514 1327 aetate
538 1291 700 1332 majorem
730 1304 738 1323 :
781 1292 835 1326 Ad
861 1292 958 1334 hujus
985 1292 1084 1339 legati
1110 1289 1349 1336 compendium
1374 1288 1517 1323 vocavit

98 1343 205 1376 etiam
221 1338 308 1375 filias
334 1339 500 1375 Friderici
526 1338 688 1376 Nobilis,
716 1337 845 1374 Marini
871 1340 1074 1387 Hieronymi
1087 1336 1246 1373 Catalani
1262 1364 1271 1376 ‚
1298 1337 1328 1371 δι
1346 1335 1515 1370 Ludovici

100 1387 344 1433 Evangelistae‚
370 1388 556 1433 horumque
575 1385 885 1430 Primogenitorum
900 1412 910 1425 ,
934 1386 1080 1433 singulas
1106 1394 1222 1420 tamen
1248 1384 1384 1430 singulis
1408 1394 1515 1428 gene-

98 1434 289 1469 rationibus
306 1460 316 1472 ,
343 1433 465 1480 quibus
485 1431 644 1467 omnibus
669 1430 902 1468 deficientibus
929 1446 984 1468 eas
1015 1432 1198 1469 substituit,
1227 1442 1300 1474 quae
1328 1430 1515 1465 Nobilibus

99 1480 270 1515 Civitatis
298 1479 438 1515 familiis
455 1489 617 1526 pauperes
632 1476 738 1511 effent
756 1505 765 1517 ,
791 1481 868 1514 dato
894 1481 971 1520 Jure
993 1477 1163 1514 electionis
1184 1477 1415 1522 poffeii'oribus
1437 1477 1516 1511 Pri-

96 1528 392 1608 rnggeniturarum
416 1552 427 1567 ,
463 1537 545 1573 quos
568 1525 699 1568 judicio
720 1550 730 1564 ‚
767 1525 798 1560 ὅ(
835 1526 1063 1563 testificationi
1089 1524 1318 1561 parochorum
1352 1522 1516 1561 deferre„

94 1584 130 1617 ju
157 1583 184 1609 tt
214 1599 223 1608 .

47 1621 163 1664 Hujus
194 1630 310 1656 tamen
333 1622 563 1668 dispositionis
587 1621 655 1656 five
680 1622 909 1657 mutationem
934 1650 943 1663 ,
980 1621 1048 1657 sive
1073 1621 1326 1667 ampliationem
1359 1616 1514 1653 obtinuit

93 1669 224 1717 primus
246 1680 444 1705 vocatorum
472 1670 555 1704 ordo
573 1671 614 1704 ab
629 1670 776 1717 Optimo
795 1670 1017 1716 Maximoque
1034 1668 1200 1705 Pontifice
1217 1667 1393 1701 Benediclo
1408 1663 1513 1699 Xiii.

94 1727 185 1752 anno
203 1718 300 1762 1728.
322 1719 379 1763 qui
406 1716 546 1752 indulsit
562 1744 570 1757 ,
595 1726 633 1751 ut
646 1717 669 1752 si
684 1730 750 1751 non
764 1716 910 1752 adessent
928 1717 1052 1752 Puellae
1067 1745 1077 1758 ,
1100 1728 1170 1762 quae
1194 1726 1316 1750 nomen
1340 1714 1420 1747 dare
1436 1712 1512 1747 vel—

95 1763 172 1798 lent
194 1764 318 1799 Ordini
336 1763 522 1800 Monastico
539 1791 548 1803 ‚
580 1776 621 1799 ex
650 1764 813 1800 fruffibus
830 1764 988 1799 censuum
1016 1764 1143 1799 summa
1169 1773 1345 1799 aureorum
1363 1770 1426 1801 500
1451 1760 1512 1793 de—

93 1810 310 1852 traheretur,
337 1825 410 1858 quae
431 1812 466 1846 in
485 1813 563 1846 dote
586 1810 735 1847 saeculari
759 1810 917 1846 constitui
946 1811 1073 1858 posset,
1097 1822 1199 1856 atque
1221 1811 1265 1845 ob
1289 1808 1325 1843 id
1342 1806 1512 1853 Angeia„

94 1857 274 1893 Giliuccia
290 1860 403 1895 Vidua
426 1859 598 1894 Francisci
618 1857 767 1894 Xaverii
795 1859 964 1894 Morronii
986 1859 1041 1893 die
1067 1870 1124 1893 22.
1139 1857 1289 1898 Januarii
1314 1854 1392 1889 anni
1411 1864 1510 1901 ¹⁷43·

97 1917 217 1952 preces
234 1907 362 1942 obtulit
380 1905 603 1952 Ampliss'imis
616 1906 770 1941 Patribus
784 1934 794 1947 ,
820 1907 938 1952 quibus
961 1906 1024 1940 hoc
1038 1905 1099 1940 fibi
1119 1905 1189 1939 dari
1206 1901 1381 1938 subsidium
1395 1899 1509 1948 postu-

92 1954 183 1988 labat
203 1964 266 2000 pro
286 1955 363 1988 dote
389 1953 568 1988 Eleonorae
592 1954 688 1989 Filiae
705 1979 715 1992 ‚
740 1954 918 1999 auditoque
944 1952 1242 1998 Archiepiscopo,
1269 1947 1509 1993 advocatisque

90 2000 248 2035 omnibus
275 2000 433 2036 intereffe
458 2001 686 2041 habentibus,
712 2000 770 2035 die
800 2012 850 2045 17.
876 2001 1007 2045 Aprilis
1032 1999 1177 2043 ejusdem
1206 1998 1284 2032 anni
1311 1995 1509 2040 rescriptum

91 2047 158 2097 suit
173 2049 338 2091 servetur
360 2050 652 2096 Chyrogpraphum
677 2054 752 2084 San.
770 2055 870 2084 Mem.
886 2050 1057 2084 Benedn‘r.
1072 2051 1161 2080 XIII.
1183 2045 1273 2080 Cum
1302 2054 1415 2078 autem
1442 2053 1509 2086 pu-

90 2093 192 2129 blicae·
211 2093 286 2131 sieri
310 2096 456 2130 debeant
484 2095 768 2131 denunciationes
798 2122 807 2135 ,
833 2093 963 2129 Puellae
988 2094 1120 2130 nobiles
1137 2118 1146 2131 ,
1174 2094 1205 2126 δι
1225 2102 1388 2137 pauperes
1413 2088 1509 2123 facili

91 2140 207 2191 animo
226 2141 256 2177 se
273 2142 482 2177 Monasterio
496 2143 661 2177 dedituras
677 2143 882 2181 declarant,
909 2145 997 2186 quod
1015 2142 1089 2175 inde
1105 2151 1172 2174 non
1190 2138 1356 2185 implent,
1370 2138 1400 2171 &
1417 2147 1509 2183 prae-

85 2190 226 2238 peditur
245 2198 359 2223 tamen
374 2189 629 2236 Chryrographi
655 2189 841 2236 exequutio
858 2217 865 2224 .

40 2234 218 2281 Displicet
240 2235 277 2270 id
295 2235 451 2271 Familiis
467 2237 564 2282 primi
580 2236 721 2271 Ordinis
735 2262 746 2275 ,
767 2235 912 2283 ideoque
936 2251 954 2273 a
973 2233 1196 2272 Sacratiffimo
1212 2231 1367 2278 Principe
1394 2230 1507 2266 nostro

92 2281 327 2330 postularunt,
353 2292 389 2317 ut
408 2283 499 2318 hisce
513 2283 643 2318 Puellis
660 2293 796 2330 tempus
817 2283 915 2319 unius
937 2282 1055 2320 mensis
1082 2282 1150 2329 post
1174 2292 1289 2317 earum
1304 2278 1509 2314 declaratio-

89 2341 169 2364 nem
184 2329 384 2366 statueretur
398 2357 407 2370 ‚
430 2341 496 2376 quo
511 2330 620 2366 sacras
635 2330 744 2366 vestes
768 2331 971 2376 susciperent
992 2358 1002 2372 ,
1027 2342 1071 2365 eo
1090 2338 1201 2365 autem
1219 2327 1379 2362 transaGO
1402 2326 1506 2360 cadu-

88 2386 174 2412 catae
194 2377 414 2413 censerentur
432 2391 440 2411 ε
468 2376 693 2425 Experientia
721 2378 844 2424 quippe
864 2387 1078 2426 compertum
1103 2376 1150 2412 est
1177 2375 1311 2411 Pueiias
1328 2401 1338 2416 ‚
1357 2385 1430 2420 quae
1451 2372 1506 2407 vel

88 2433 270 2471 parentum
288 2424 431 2460 stimulis
445 2452 454 2465 ,
476 2424 676 2460 suasionibus
693 2452 703 2465 ,
725 2434 781 2460 aut
808 2435 899 2461 metu
913 2454 921 2466 ‚
946 2428 1003 2462 vel
1030 2423 1173 2468 juvenili
1202 2423 1323 2458 ardore
1337 2447 1347 2459 2
1371 2429 1506 2469 atqup

87 2471 313 2522 imprudentia
327 2473 497 2508 declarant
513 2472 753 2508 Monasterium
768 2473 904 2520 ingredi
917 2475 1010 2509 velle
1029 2499 1038 2512 ,
1055 2472 1157 2507 serius
1175 2479 1288 2505 tamen
1302 2493 1312 2506 ‚
1333 2468 1364 2501 &
1387 2465 1504 2517 saepius

89 2527 194 2554 etlam
217 2530 400 2565 numquam
427 2521 459 2555 id
487 2520 628 2567 implere
657 2549 666 2557 .
703 2520 797 2555 Data
822 2520 887 2556 fuit
910 2519 1148 2566 postulationis
1186 2515 1326 2559 hujusce
1350 2513 1505 2560 cognitio

87 2565 343 2611 splendidissimo
358 2567 436 2603 huic
451 2568 576 2602 Ordini
592 2595 601 2608 ,
629 2568 688 2614 qui
704 2567 830 2603 iterum
846 2567 903 2603 die
922 2572 974 2604 28.
995 2566 1116 2603 Martii
1140 2576 1229 2599 anno
1249 2571 1346 2607 ¹744·
1360 2562 1505 2605 servari

91 2613 353 2661 chirographum
367 2615 455 2658 juffit
469 2642 476 2649 .
505 2615 669 2649 Urserunt
691 2615 815 2650 iterum
841 2617 966 2651 a&ores
980 2641 990 2654 ‚
1014 2625 1052 2649 ut
1065 2613 1087 2646 fi
1102 2614 1203 2646 breve
1217 2610 1394 2646 videretur
1413 2618 1505 2642 men-

89 2658 128 2693 sis
146 2661 243 2694 unius
261 2660 406 2708 spatium
421 2689 429 2702 ‚
456 2662 616 2697 terminus
630 2661 751 2696 saltem
765 2663 888 2707 aliquis
906 2661 1108 2697 statueretur
1121 2658 1251 2695 Pueilis
1265 2685 1274 2698 ,
1299 2659 1392 2692 intra
1405 2666 1505 2701 quem

88 2707 233 2746 debeant
257 2707 500 2744 Monasteriuin
522 2708 676 2755 ingredi,
706 2717 808 2756 atque
833 2709 959 2745 iterum
986 2708 1112 2745 audito
1127 2704 1396 2754 Archiepiscopo
1411 2728 1422 2742 ³
1447 2712 1502 2737 res

87 2764 183 2793 nunc
196 2754 414 2802 Amplissimis
431 2757 592 2793 Patribus
608 2755 795 2794 definienda
810 2757 1019 2805 proponitur
1035 2785 1043 2794 .
1376 2797 1415 2832 M
1462 2793 1484 2828 s

133 2823 138 2827 .
1420 2806 1461 2831 en
1475 2806 1503 2830 is
