1883 2907
387 81 525 164 filiique
540 117 581 151 ob
595 115 625 150 id
640 114 836 160 Episcopum
850 110 966 149 audire
980 121 1065 157 opus
1080 110 1147 145 fuit
1162 137 1172 151 ,
1196 108 1253 156 qui
1271 107 1396 143 duabus
1415 106 1596 146 secundum
1615 109 1800 149 Parochum

388 164 562 211 respondit
598 162 778 206 Epistolis.
809 161 869 195 llis
898 159 1053 194 omnibus
1081 158 1162 194 aclis
1193 156 1336 203 superest-
1362 166 1453 192 nunc
1481 183 1490 196 ,
1521 165 1558 192 ut
1583 159 1624 194 ab
1643 160 1803 195 Eminen-

384 214 521 248 tissiinis
547 210 702 246 Patribus
727 205 881 243 definitio
903 207 1003 241 detur
1025 207 1122 248 liuius
1143 203 1380 241 controversia:
1411 229 1420 243 ,
1447 215 1518 250 quae
1543 206 1686 241 collecta
1719 207 1802 242 licet

383 262 421 296 sit
445 269 592 305 quatuor
606 255 802 301 capitibus,
827 254 938 289 omnis
971 263 1083 288 tamen
1109 265 1127 287 a
1154 253 1259 300 primi
1284 251 1407 298 capitis
1432 250 1636 288 definitione
1651 258 1799 299 pendet.

340 307 493 354 Qiaestio
516 306 628 350 itaque
655 303 719 343 cst,
743 315 782 337 an
797 302 871 337 usus
898 310 1031 335 tantum
1047 328 1056 340 ,
1083 311 1125 333 an
1150 310 1258 335 etiam
1280 299 1471 335 dominium
1501 301 1580 334 Arae
1599 300 1648 335 D.
1666 301 1799 348 AEgidii

381 353 553 400 qua-situm
579 350 678 385 fuerit
694 348 908 385 Commendt·
925 348 1274 393 Hierosolymitanae,
1298 348 1393 388 cuius
1417 347 1668 392 reidisquisitio
1683 373 1693 386 ,
1717 359 1796 384 cuin

380 401 464 436 desit
490 399 746 434 instrumentum
767 393 999 442 adquisitionis
1015 405 1102 441 ,quo
1120 394 1257 440 probari
1281 393 1383 439 possit
1411 394 1630 435 dominium,
1655 395 1687 428 δι
1712 395 1797 430 titu-

381 450 432 483 lus
446 471 455 485 ,
480 458 544 492 quo
563 444 605 479 ad
620 444 848 479 commendam
865 443 1046 488 pervenit,
1077 441 1254 488 repetenda
1274 442 1340 481 est,
1366 451 1404 476 Ut
1424 440 1555 476 differit
1588 442 1698 489 Eques
1724 441 1796 477 Ce-

379 495 477 530 volus
497 505 537 527 ex
551 491 746 532 conjefiuris
760 516 769 528 ‚
796 489 1181 529 indiciis‚rnonimentis
1202 517 1211 529 ‚
1240 488 1379 536 aliisque
1401 489 1611 533 argumentis
1629 515 1639 529 ,
1664 491 1696 524 &
1711 501 1795 534 pro-

380 541 570 576 bationibus
585 564 594 579 ,
618 550 713 584 qux,
728 549 804 571 cuin
829 547 947 583 agatur
966 538 1055 574 dere
1078 536 1301 572 vetustissima
1328 535 1550 581 proculdubio
1580 537 1716 572 admitti
1739 537 1795 571 de-

375 590 457 624 bent
478 612 487 624 ,
514 588 543 620 &
566 584 660 619 simul
691 584 842 619 uniendae
868 583 967 624 sunt,
991 596 1028 620 ac
1042 584 1288 630 conjungendae
1309 585 1348 618 ad
1363 583 1497 628 plenam
1510 584 1655 618 dominii
1673 585 1792 630 proba-

377 636 523 669 tionem.
552 633 622 666 Has
653 633 743 665 inter
766 642 834 665 non
859 631 1016 667 ultimum
1035 633 1145 667 locum
1171 631 1295 666 liabent
1325 630 1583 666 testificationes
1613 630 1793 667 hominum

375 691 473 717 :crate
500 680 685 717 seniorum,
711 677 920 713 visitationis
948 681 1025 714 aCIae
1051 691 1070 713 a
1102 678 1267 714 Ministris
1293 679 1497 725 prioralibus
1522 705 1531 718 ‚
1561 677 1718 723 impensae
1739 685 1794 713 or-'

376 735 615 763 namcntorum
631 752 639 764 ,
666 726 696 760 &
712 725 964 771 reparationum
984 726 1128 767 ejusdem
1146 724 1309 772 cappellae
1325 752 1335 764 ,
1358 725 1583 761 confessiones
1601 725 1792 761 Reoorum

373 773 579 810 Parochialis
594 772 751 807 Ecclefiae
765 772 796 808 S.
813 771 928 814 Jacobi
948 797 958 811 ,
984 774 1099 819 &quae
1116 772 1300 816 plurimum
1324 771 1501 819 spectanda
1523 771 1599 808 sunt
1615 800 1625 813 ‚
1652 770 1793 810 stemma

372 821 535 857 Ordinis,
561 820 594 855 8<
613 819 859 858 vetustissima,
884 832 987 866 quam
1001 820 1107 867 supra
1123 820 1300 856 retulimus
1315 848 1324 861 ‚
1350 819 1547 864 inscriptio.
1580 822 1663 856 Haec
1675 821 1793 855 omnia

371 871 423 912 jus
437 894 447 908 ,
473 869 503 903 δι
530 867 670 901 titulum
687 866 857 906 dominii,
885 868 917 901 &
933 867 1152 915 proprietatis
1169 894 1178 907 ‚
1204 879 1271 902 non
1291 867 1392 902 solius
1410 866 1482 901 usus
1508 867 1699 913 praeseferre
1722 866 1793 901 dis-

369 924 466 962 putat
498 914 648 949 Cevolus
672 939 682 953 ‚
708 915 764 959 qui
798 926 838 949 ex
866 914 931 949 hoc
955 914 1110 952 dominio
1147 913 1343 950 facultatem
1381 914 1439 949 sibi
1463 914 1617 949 vindicat
1639 914 1792 959 eligendi

369 962 617 1014 Cappellanum
632 988 642 1002 ‚
666 971 725 1008 qui
750 960 1014 1006 independenter
1041 962 1228 998 aParocho
1250 962 1349 997 Sacra
1367 989 1376 1001 ,
1401 961 1540 1007 aliaque
1568 962 1732 997 solemnia
1745 971 1789 995 o-

369 1021 459 1045 mnia
479 1019 555 1056 agat
571 1033 580 1046 ,
600 1017 639 1043 ut
654 1008 770 1047 labet3
800 1009 930 1044 nullam
951 1021 1084 1057 quoque
1109 1010 1310 1057 Episcopum
1334 1008 1595 1052 jurisdictionem
1622 1009 1655 1043 in
1674 1009 1790 1043 eadem

367 1056 523 1104 cappella
549 1067 711 1091 exercere
738 1056 827 1100 posse
855 1057 1029 1093 contendit
1052 1056 1287 1093 obsistentibus
1326 1055 1539 1100 amplissimis
1564 1055 1699 1092 ordinis
1722 1054 1790 1098 pri-

368 1104 527 1151 vilegiis,
551 1116 622 1149 quae
644 1104 718 1149 post
730 1103 975 1141 Tridentinum
1002 1117 1137 1152 quoque
1151 1103 1354 1140 Concilium
1383 1104 1473 1139 binis
1494 1104 1544 1138 D.
1561 1105 1610 1138 l’ii
1632 1103 1671 1137 V.
1693 1102 1790 1137 Con·
1832 1136 1835 1141 ,

367 1151 600 1187 stitutionibus
627 1160 684 1198 67.
709 1153 740 1187 ὅ(
764 1158 839 1192 136·
865 1151 1064 1188 confirmata
1089 1152 1230 1188 fuerunt
1246 1180 1254 1191 ,
1278 1153 1344 1186 His
1366 1151 1503 1196 itaque,
1531 1153 1562 1186 δι
1582 1152 1679 1186 aliis.
1712 1160 1788 1194 quae

367 1198 490 1249 ‚libello
510 1200 567 1234 suo
587 1197 738 1234 Cevolus
770 1199 967 1244 complexus
991 1199 1037 1234 est
1053 1226 1061 1239 ‚
1088 1199 1193 1245 probe
1215 1199 1380 1245 perpensis
1401 1225 1411 1238 ,
1444 1198 1530 1244 quid
1553 1199 1643 1232 enim
1669 1205 1788 1231 contra

367 1246 454 1280 ierat
479 1247 604 1281 Rector
627 1246 779 1281 Ecclefiae
807 1246 1010 1292 parochialis
1033 1248 1138 1282 adhuc
1170 1247 1365 1293 ignoramus
1380 1272 1391 1285 ,
1415 1258 1494 1281 cum
1514 1246 1671 1280 libellum
1696 1243 1789 1278 suum

367 1295 514 1329 nondum
531 1294 631 1328 dedit
653 1293 758 1329 facile
781 1294 850 1329 erit
870 1294 1098 1339 Amplissimis
1119 1294 1276 1329 Patribus
1289 1292 1508 1339 respondere.

326 1339 353 1375 Ι.
378 1343 436 1377 An
456 1341 582 1376 constet
607 1341 648 1375 de
672 1340 832 1376 dominio
855 1341 1111 1385 &pertinentia
1124 1342 1288 1387 cappellae
1314 1340 1344 1374 S.
1363 1339 1492 1385 AEgidii
1520 1340 1587 1376 sitne
1615 1339 1650 1373 in
1682 1350 1797 1385 paro-¹

458 1388 565 1424 chiaii
592 1387 738 1423 Ecclesia
762 1389 794 1424 S.
821 1388 935 1428 Jacobi
962 1388 1099 1432 majoris
1121 1388 1240 1424 favore
1263 1387 1465 1434 Religionis
1487 1387 1787 1434 Hierosolymita-

460 1448 509 1471 nae
524 1435 558 1470 in
575 1436 652 1471 casu
663 1436 728 1471 ἃς.
757 1440 800 1473 (ψ
814 1444 985 1483 quatenus
1001 1437 1205 1481 affirmative
1219 1461 1232 1470 .

320 1479 365 1516 11.
393 1483 453 1518 Art
480 1484 748 1530 independenter
773 1494 792 1517 a
823 1483 977 1519 Paroclio
999 1492 1170 1530 competat
1195 1482 1480 1518 commendatori
1510 1481 1700 1522 Jurisdifflo
1718 1506 1729 1520 ,
1753 1482 1786 1517 ὅ(

461 1530 603 1566 facultas
626 1530 801 1566 celebrare
815 1529 963 1565 faciendi
990 1532 1024 1566 in
1051 1531 1170 1566 eadem
1185 1529 1339 1575 cappella
1354 1527 1466 1562 missas
1489 1539 1527 1563 ac
1551 1527 1736 1575 peragendi
1752 1529 1788 1562 in

458 1589 498 1612 ea
515 1590 630 1613 omnes
654 1578 736 1612 alias
751 1575 1000 1613 Ecclesiasticas
1020 1578 1227 1613 Funfflones
1250 1575 1460 1612 commendae
1485 1576 1721 1610 incumbentes
1748 1574 1784 1609 in

458 1625 534 1660 casu
546 1627 609 1661 &o
640 1631 683 1663 (φ
710 1635 880 1672 quatenus
895 1626 1100 1670 affirmative
1115 1651 1128 1661 .

322 1668 388 1705 111.
415 1673 472 1707 An
493 1673 662 1708 Parochus
686 1672 808 1707 saltem
822 1671 963 1718 preferri
980 1673 1103 1708 debeat
1119 1673 1154 1707 in
1171 1670 1402 1707 celebratione
1415 1670 1585 1705 dictarum
1599 1667 1790 1708 missarum,

459 1719 715 1755 &funfflonum
742 1721 776 1754 in
803 1719 880 1753 casu
900 1721 963 1754 &c.

321 1760 384 1799 lv.
412 1767 470 1801 An
494 1765 788 1803 Reverendissimo
807 1765 967 1813 Episcopo
1001 1767 1206 1802 Placentino
1231 1773 1404 1813 competat
1428 1763 1649 1805 jurisdictio,
1672 1764 1704 1800 δι
1728 1762 1787 1804 Jus

459 1814 618 1851 visitandi
637 1814 823 1861 cappellam
836 1840 847 1854 ,
871 1813 930 1849 seu
951 1814 1059 1850 altare
1085 1814 1120 1848 S.
1135 1813 1261 1860 AEgidii
1281 1814 1316 1849 in
1328 1811 1405 1850 casu
1419 1813 1487 1848 &c.

87 1941 291 1982 &affin-‘0¹9-
413 1948 671 1987 OSENTINA
695 1949 1093 1986 RESTITUTIONIS
1116 1950 1170 1987 IN
1197 1947 1468 1987 INTEGRUM
1484 1975 1492 1984 .
1519 1949 1661 1982 Annum
1676 1956 1782 1992 agefss

88 1986 124 2013 ἰ’
136 1986 224 2022 ’'⁶3³⁴“
422 1997 596 2034 decimum
620 1998 778 2044 quintum
802 1998 917 2044 Joseph
934 1997 1045 2033 Maria
1072 1999 1302 2035 Perimezzius
1327 1997 1454 2033 Ordmi
1485 2022 1495 2035 ,
1521 2006 1625 2041 quem
1653 2001 1782 2029 vocant

364 2041 607 2084 Minimorum,
632 2057 758 2080 nornen
779 2045 869 2081 dedit
895 2046 928 2079 in
944 2045 1153 2080 Monasterio
1175 2047 1288 2081 Paulae
1311 2056 1402 2080 anno
1431 2051 1531 2085 i725:.
1545 2069 1555 2083 ,
1585 2040 1726 2076 allefius
1742 2040 1782 2073 ad

363 2088 401 2123 id
424 2090 600 2128 blanditiis
638 2094 756 2130 Patrui
785 2093 819 2127 in
843 2095 962 2128 eodem
986 2093 1121 2128 Ordine
1153 2093 1304 2139 profesti,
1333 2091 1542 2137 impletoque
1568 2085 1782 2135 probatIonis

363 2145 515 2182 tempore
536 2140 590 2173 die
613 2151 664 2180 31.
685 2140 893 2176 Novembris
915 2151 1004 2174 anno
1021 2150 1118 2181 1730.
1151 2141 1390 2186 profeflionem
1404 2137 1511 2172 emisit
1529 2163 1539 2176 ‚
1562 2138 1600 2170 de
1619 2134 1717 2176 culus
1734 2142 1782 2166 1²·

363 2193 442 2217 men
455 2185 615 2220 nuliitate
629 2186 733 2232 paulo
746 2187 818 2233 post
830 2187 940 2222 dicere
953 2187 1051 2233 caepit
1068 2214 1078 2226 ‚
1103 2189 1197 2233 quod
1211 2185 1413 2229 Emophtifis
1439 2183 1532 2218 vitio
1557 2178 1692 2216 affectus
1715 2179 1781 2215 fre-

363 2232 479 2275 quenti
493 2232 663 2278 sanguinis
685 2233 844 2268 effusione
863 2261 874 2275 ‚
895 2233 996 2272 tabe,
1021 2234 1194 2278 macieque
1221 2232 1449 2268 conficeretur
1463 2256 1472 2269 ,
1500 2242 1572 2277 quae
1590 2240 1640 2264 res
1654 2228 1691 2262 in
1703 2225 1781 2262 casu

363 2285 461 2317 erat,
484 2289 523 2314 ut
543 2279 671 2315 necesse
686 2279 764 2313 esset
780 2280 868 2315 vesci
883 2292 960 2315 euin
974 2280 1061 2316 cibis
1080 2279 1294 2326 paschalibus
1310 2306 1317 2314 .
1349 2280 1398 2312 At
1413 2277 1541 2312 Pati-uo
1563 2274 1779 2311 obsistente.»

363 2332 430 2358 non
458 2327 570 2371 potuit
591 2326 783 2362 adolescens
810 2327 974 2369 judiciuin
1011 2327 1181 2362 nullitatis
1206 2329 1295 2363 intra
1313 2323 1588 2373 quinquennium
1617 2321 1779 2373 instruere

363 2371 547 2411 praesertirn
574 2385 651 2409 cum
669 2373 774 2408 nimia
798 2373 1008 2419 indulgentia
1028 2374 1172 2409 linerent
1194 2373 1336 2409 Ordinis
1355 2371 1502 2418 prefecti
1518 2398 1527 2410 ‚
1553 2380 1591 2405 ut
1614 2369 1672 2410 ‚vel
1690 2370 1780 2403 domi

365 2415 427 2450 sule
453 2420 561 2454 vitam
583 2429 722 2467 ageret,
749 2420 807 2456 vel
821 2429 915 2455 extra
941 2420 1143 2456 Monasterii
1167 2421 1258 2468 septa
1284 2420 1375 2455 iniis
1391 2418 1537 2458 aedibus,
1573 2429 1647 2465 quae
1674 2415 1781 2450 adin·-

365 2459 535 2499 firmorum
559 2468 772 2502 curationem
793 2467 960 2502 destinatae
978 2467 1078 2507 sunt,
1103 2480 1212 2515 neque
1239 2467 1330 2502 enim
1354 2474 1486 2512 poterat
1513 2466 1638 2499 affiduo
1664 2463 1781 2497 morbo

366 2506 521 2559 detentus
545 2523 704 2558 quartum
720 2524 838 2550 vorum
864 2515 962 2558 hujus
977 2515 1118 2550 Ordinis
1147 2516 1286 2561 implere
1303 2540 1314 2554 ,
1339 2514 1468 2550 &cibis
1492 2513 1543 2548 uti
1568 2507 1781 2557 quadragesi-

365 2554 508 2590 malibus
522 2582 533 2592 .
558 2560 632 2594 Hac
665 2562 778 2606 itaque
793 2561 922 2596 ratione
939 2561 1046 2597 vitam
1063 2563 1212 2599 traduxit
1231 2562 1334 2608 usque
1349 2563 1390 2596 ad
1402 2561 1531 2595 obitum
1549 2557 1664 2593 Patrui
1680 2582 1691 2596 ,
1714 2566 1783 2601 quo

366 2601 543 2637 decedente
567 2604 607 2637 de
643 2607 806 2642 nullitate·
829 2608 894 2643 suae·
918 2609 1133 2653 profeflionis
1157 2610 1230 2656 egit
1259 2620 1370 2644 coram
1406 2606 1677 2652 Archiepiscopo
1707 2602 1780 2636 CO·

367 2645 501 2686 semino
512 2676 522 2691 ,
537 2650 567 2685 &
580 2651 740 2697 praefeffls
754 2654 876 2690 Ordini
890 2657 949 2691 suo
965 2684 973 2692 .
1002 2657 1050 2691 Hi
1062 2656 1214 2694 confecto
1230 2654 1390 2698 Judiciali
1405 2652 1558 2703 processu
1575 2649 1783 2742 diem-3:1³1}
