1946 2961
59 108 193 154 seffias.
210 117 292 153 0¹9·
372 64 410 104 3‘3
425 102 612 143 ΟΜΑΝΑ
629 99 712 140 SEU
737 98 846 133 (ΞΛΜ
856 95 1053 133 ERINEN.
1067 92 1451 136 RESTITUTIONIS
1478 92 1529 130 IN
1552 88 1821 142 'leTfiGRUM
1834 108 1846 132 t

60 158 102 193 de
116 152 233 201 chul·
439 152 589 188 Postulat
606 147 640 180 i'n
657 148 827 191 integrum
850 144 980 180 restitui
997 169 1007 183 ,
1034 141 1324 194 utProfessionem
1349 141 1479 179 nullam
1504 143 1597 180 dicat
1624 145 1663 181 ι’.
1689 141 1850 179 silvester

377 197 515 237 Berardi
534 197 708 230 Romanus
724 220 732 233 ,.
759 202 970 237 nuncupatus
994 192 1028 226 in
1044 191 1154 229 seculo
1170 192 1368 229 Amemus,
1391 189 1450 234 qui
1476 188 1543 227 stne
1558 190 1660 227 Patre
1686 202 1848 227 annunt,

378 257 478 294 agens
499 241 715 279 undecimum
738 239 814 276 aliis
839 240 965 285 nuptiis
982 251 1001 277 a
1026 238 1171 277 Caecilia
1185 233 1348 276 Theresia
1373 235 1445 287 eiu}
1466 236 1580 273 Matre
1609 237 1755 275 'sutrice
1780 264 1791 277 ,
1816 238 1850 272 &

378 290 557 328 Curatrice
572 288 751 324 contraCtis
762 299 840 324 cuni
854 287 973 333 Equiie
988 287 1208 335 Hieronymo
1221 285 1349 325 Odam,
1363 281 1486 321 incidit
1501 283 1535 318 in
1550 283 1693 319 viatici
1711 296 1848 321 manus:

378 339 487 386 specie
500 337 636 385 quidem
652 334 822 371 viaricus
846 345 917 370 erat
932 333 1055 370 blanda
1070 361 1080 374 ‚
1104 334 1231 372 comis,
1258 333 1290 369 ὁ(
1319 331 1490 370 liberalis,
1517 342 1550 366 re
1567 330 1632 376 ipsa
1657 340 1773 368 tamen
1799 332 1851 372 fe-

381 399 466 425 rox,
490 386 522 422 &
543 386 581 418 ad
607 383 688 419 iram
709 409 719 422 ,
746 384 776 418 &
800 384 938 418 verbera
965 382 1099 421 facilis,
1119 382 1172 418 cui
1190 388 1336 427 quatuor
1357 380 1448 415 domi
1474 377 1600 416 sorores
1625 389 1724 414 erant
1738 378 1850 417 ”non-a

379 433 542 469 dissimilis
567 440 689 468 naturae
706 457 715 469 ‚
741 442 814 477 quae
831 429 960 465 Fratris
984 430 1123 476 nuptias
1139 427 1274 465 moleste
1303 426 1445 461 ferentes
1468 451 1478 466 ‚
1506 427 1578 469 eius
1605 438 1747 463 uxorem
1772 427 1850 465 odio

381 481 573 519 bibebant,
601 479 632 512 ἃ
646 489 720 513 cum
738 478 768 511 in
786 488 860 512 eam
881 476 1017 522 explere
1033 477 1118 514 iram
1132 474 1223 510 suam
1247 485 1314 509 non
1331 471 1456 519 possent
1479 498 1490 513 ‚
1525 474 1679 511 Antonio
1707 475 1851 513 maledi-

382 539 478 568 cere,
505 537 648 572 eumque
662 523 781 571 pugnis
797 550 808 566 ,
836 526 867 559 &
885 522 967 559 saxis
985 524 1148 572 impetere
1162 534 1228 560 non
1240 520 1428 558 desinebant
1443 545 1453 556 .
1483 520 1530 556 Ut
1546 520 1624 557 huic
1650 522 1700 558 rei
1718 530 1851 570 pararet

381 575 567 611 remedium
582 599 591 612 ,
614 583 748 607 ornnem
764 572 870 619 Eques
899 572 1007 607 movit
1024 571 1172 617 lapidem
1186 596 1195 610 ‚
1223 577 1259 606 ut
1273 568 1475 613 Privignum
1509 568 1545 603 in
1569 568 1854 608 Monasterium.»

381 622 573 664 conieceret
589 646 599 659 ,
628 627 717 655 ratus
743 617 961 655 domesticum
978 645 987 659 ,
1007 619 1037 654 &
1068 618 1228 655 fleminile
1247 616 1310 651 hoc
1325 615 1455 651 bellum
1485 614 1586 652 finem
1609 615 1853 660 habiturum...

381 671 404 705 ii
421 671 522 705 domo
549 665 668 702 abesset
684 667 858 703 Antonius
875 692 886 702 .
913 664 1041 702 Blande
1055 666 1163 712 igitur
1177 665 1272 700 illum
1287 662 1498 708 compellare
1513 665 1610 707 caepit
1637 689 1648 703 ‚
1676 675 1852 710 eumque..-

380 717 506 753 hortari
521 741 530 754 ,
556 725 592 750 ut
607 714 711 749 animi
728 713 906 750 consulens
925 713 1165 761 tranquillitati
1186 710 1349 757 religioso
1370 710 1476 745 alicui
1503 711 1624 745 Ordini
1650 721 1770 746 nomen
1793 711 1852 744 da-

380 775 453 803 ret;
476 773 595 800 contra
610 762 781 799 Antonius
796 759 954 799 obsistere
980 787 990 802 ,
1015 770 1228 807 mentemque
1250 760 1342 794 suam
1369 768 1502 803 aperire
1531 758 1765 792 abhorrentem
1790 758 1855 792 boe

381 812 463 849 vitae
477 822 584 857 genus
598 833 610 847 .
631 809 791 853 Asperius
812 808 888 845 inde
915 820 993 845 cum
1009 808 1163 846 Antonio
1179 808 1249 853 egit
1267 806 1392 852 Eques:
1417 805 1566 840 honestas
1593 817 1707 840 omnes
1737 816 1856 850 corpo-

379 860 426 896 ris
446 858 619 904 animique
634 857 825 902 voluptates
841 855 1034 898 intercepit
1049 883 1059 898 ,
1074 855 1261 893 amicorum
1280 852 1558 892 consuetudinem
1575 852 1770 887 interdixit:
1790 864 1855 890 uno

380 906 458 943 sivit
473 903 690 942 familiariter
701 902 1118 948 utiflFeliceStaviscthui
1133 903 1186 948 spe
1200 902 1315 948 praemi
1334 899 1426 947 quod
1441 899 1635 944 promiserat
1651 899 1755 945 &lues
1771 900 1859 935 alle-

380 957 450 990 &us
463 964 598 988 omnem
610 950 712 988 dabat
724 950 1330 998 operam,utAntoniusMonasterium
1347 948 1599 993 ingrederetur.
1612 947 1649 982 ln
1665 947 1797 985 irritum
1811 957 1862 983 ta..

380 1002 509 1040 mem&
524 998 666 1034 Victrici
681 998 923 1045 asperitates‚&
939 997 1106 1032 Stavischi
1122 996 1257 1033 consilia
1277 995 1411 1036 cesseres
1424 993 1574 1030 constans
1589 1005 1680 1030 enim
1693 1004 1766 1030 erat
1780 997 1859 1030 An-

380 1048 473 1084 tonii
496 1047 678 1083 voluntas.
709 1046 759 1081 Ut
781 1046 866 1082 hanc
890 1045 1044 1092 Privigni
1070 1044 1295 1080 constantiam
1310 1044 1462 1079 vinceret
1480 1041 1647 1079 ViCtricus
1663 1068 1674 1082 ,
1704 1053 1766 1076 nec
1793 1042 1863 1076 mi'-

381 1096 434 1131 nis
449 1122 459 1135 ,
482 1105 542 1130 nec
556 1092 752 1130 verberibus
777 1092 935 1131 abstinuit
947 1119 956 1134 ‚
980 1094 1092 1128 cibum
1108 1092 1190 1137 saepe
1203 1091 1342 1138 negavit
1355 1116 1366 1130 ‚
1389 1089 1550 1124 terstricto
1574 1091 1650 1126 ense
1663 1100 1780 1125 necem
1795 1089 1860 1124 mi-

381 1143 497 1182 nitans
522 1153 602 1178 eum
614 1139 777 1188 aggressus
791 1140 858 1176 est:
881 1141 1045 1176 decimum
1068 1150 1224 1182 quartum
1238 1139 1348 1175 aetatis
1363 1148 1490 1172 annum
1515 1136 1717 1186 impleverat
1743 1139 1860 1172 Anto·

382 1191 486 1228 nins3
511 1187 690 1224 nunciavit
705 1188 737 1222 ei
757 1188 925 1226 vidricus
944 1215 954 1228 ‚
978 1197 1015 1222 ut
1030 1187 1236 1226 Fabrianum
1255 1187 1472 1223 concederet,
1499 1184 1555 1218 ubi
1571 1184 1679 1220 Sacris
1706 1184 1859 1223 Vestibus

384 1235 532 1283 acceptis
550 1235 585 1270 in
598 1234 875 1282 congregatione
890 1235 1104 1276 silvestr-inea
1115 1248 1170 1271 um
1183 1233 1399 1282 probationis
1411 1243 1534 1267 annum
1547 1232 1701 1277 expleret
1718 1246 1726 1267 ι
1744 1234 1858 1272 imme,

383 1286 416 1320 &
432 1285 574 1320 verbera
591 1282 761 1323 victrici,
789 1281 924 1319 consilia
937 1283 1119 1319 amicorum
1133 1308 1143 1321 ,
1169 1280 1285 1319 matris
1312 1281 1417 1316 etiam
1431 1278 1582 1324 promiffa
1602 1303 1613 1317 ,
1636 1279 1760 1326 quibus
1789 1278 1861 1324 spes

385 1330 615 1370 iniciebatur,
641 1331 837 1367 utnondum
860 1330 1002 1374 impleto
1018 1329 1232 1377 probationis
1258 1340 1370 1368 anno,
1398 1325 1587 1370 compositis
1603 1337 1680 1361 cum
1709 1326 1861 1362 Victrice

385 1379 482 1414 rebus
496 1404 505 1417 ,
530 1376 675 1415 Romam
692 1376 798 1414 Domi
812 1377 1030 1415 reduceretur
1042 1404 1051 1417 ‚
1068 1377 1100 1412 in
1114 1376 1209 1412 causa
1224 1377 1362 1413 fuerunt
1383 1403 1393 1417 ‚
1409 1385 1445 1411 ut
1465 1374 1666 1411 Fabrianum
1682 1374 1861 1409 Antonius

386 1434 544 1474 pergeret
556 1451 567 1465 ,
587 1424 645 1459 ubi
659 1435 795 1460 maerore
810 1450 821 1464 ,
845 1423 1076 1473 lacrymisque
1091 1424 1263 1461 confectus
1279 1425 1382 1462 vestes
1400 1422 1531 1468 accepit
1543 1449 1550 1457 .
1586 1421 1753 1457 Victi-icus
1773 1420 1860 1458 nihil

386 1474 500 1508 actum
515 1480 669 1517 reputans
687 1498 697 1512 ,
720 1472 781 1506 nisi
797 1472 975 1518 Privignus
986 1470 1145 1509 solemnia
1174 1482 1256 1507 vota
1271 1478 1507 1518 nuncuparet,
1535 1469 1619 1504 nihil
1633 1470 1737 1503 etiam
1763 1469 1860 1502 inta-

387 1521 477 1555 &um
494 1518 630 1566 reliquit
643 1544 653 1558 ,
674 1528 711 1553 ut
725 1531 804 1554 eum
822 1518 998 1555 volentem
1012 1520 1186 1556 nolentem
1200 1519 1239 1555 ad
1258 1519 1502 1556 Professionem
1520 1516 1697 1562 adigeret.
1726 1515 1860 1551 FraCtus

388 1567 506 1603 animo
524 1565 664 1609 Juvenis
677 1566 921 1603 professionem
933 1565 1040 1600 emisit
1053 1578 1141 1601 anno
1154 1571 1251 1607 1736.
1270 1572 1350 1604 duas
1364 1576 1476 1602 tamen
1492 1574 1568 1599 ante
1584 1563 1756 1601 schedulas
1781 1562 1864 1599 scri-

388 1613 480 1662 psit,
499 1624 641 1660 quarum
670 1614 812 1649 alteram
824 1610 1036 1650 Confessario
1060 1613 1253 1649 servandam
1284 1614 1453 1653 tradid21,
1480 1612 1622 1648 alteram
1647 1611 1688 1645 ad
1717 1608 1865 1645 familia-

388 1673 459 1697 rem
474 1661 567 1697 suum
579 1661 615 1696 Ρ.
642 1659 784 1696 Livium
802 1660 900 1696 Eritii
916 1660 1001 1697 misit
1021 1687 1030 1699 ‚
1055 1663 1175 1706 quibus
1198 1661 1356 1699 testatum
1380 1661 1518 1698 volebat
1547 1659 1580 1696 se
1607 1659 1641 1693 vi
1672 1668 1865 1703 metuque,

389 1709 488 1745 illato
502 1734 512 1748 ‚
535 1709 567 1742 ὅι
593 1709 631 1742 ad
646 1717 790 1743 mortem
803 1708 996 1755 fugiendam
1015 1707 1262 1746 Professionem
1278 1712 1434 1746 emittere
1448 1735 1459 1749 ‚
1485 1717 1626 1754 eamque
1644 1704 1772 1740 nullam
1788 1702 1866 1741 eff&

386 1758 419 1791 ἃ
439 1755 514 1790 sane
526 1754 611 1805 licet
623 1754 808 1801 aliquando
824 1755 1013 1802 periculoso
1031 1757 1146 1792 morbo
1163 1757 1369 1798 laborasset,
1385 1765 1496 1794 ratam
1510 1766 1583 1790 eain
1599 1753 1709 1790 noluit
1723 1753 1866 1790 habere;

386 1803 516 1838 centies
533 1811 635 1837 etiam
649 1804 687 1836 dc
701 1803 772 1844 ejus
790 1802 948 1851 nullitate
961 1801 1159 1848 protestatus
1173 1805 1229 1843 est,
1246 1817 1312 1842 uno
1328 1806 1430 1840 verbo
1439 1801 1528 1840 nihil
1540 1801 1612 1849 egit
1626 1827 1636 1840 ,
1660 1802 1748 1846 quod
1761 1797 1868 1844 suspi-

388 1851 523 1886 cionem
540 1849 679 1892 injicere
696 1848 798 1895 possit
819 1850 860 1884 de
873 1849 1120 1886 ratihabitione
1135 1851 1280 1893 ejusdem
1293 1849 1507 1890 Professioni's
1524 1875 1532 1885 .
1568 1847 1718 1885 Moriens
1733 1847 1866 1884 tandem

389 1897 562 1932 viaricus
587 1896 862 1947 agnovitffiquid
884 1896 1056 1943 gessisset,
1079 1901 1281 1946 veniamque
1305 1914 1323 1936 a
1348 1899 1511 1945 Privigno
1535 1895 1720 1938 postulavit
1742 1919 1754 1934 2
1776 1892 1868 1940 quod

388 1956 466 1979 eum
481 1944 663 1990 impulisset
687 1944 726 1978 ad
757 1943 856 1978 illum
872 1946 952 1980 vitae
967 1955 1070 1989 genus
1085 1946 1356 1994 amplectenduin
1370 1971 1381 1985 ,
1410 1958 1428 1980 a
1453 1955 1522 1991 quo
1536 1942 1763 1980 abhorrebat,
1792 1950 1868 1974 ma-

388 2002 476 2028 trem
499 1991 665 2028 haeredem
679 1989 830 2036 scripsit,
856 2001 893 2026 ut
907 1989 982 2026 filio
1007 2003 1107 2036 opem
1124 1992 1249 2032 ferret,
1275 2008 1346 2041 quo
1360 1993 1464 2040 posset
1489 1989 1756 2027 declarationem
1781 1985 1869 2022 obti-

387 2050 468 2074 nere
489 2039 661 2077 nullitatis
678 2039 802 2075 emiffae
818 2038 1046 2075 Professionis
1061 2063 1071 2075 .
1100 2039 1150 2075 Ut
1164 2040 1313 2078 Victrici
1328 2040 1496 2076 memoriae
1509 2045 1665 2084 parceret
1690 2036 1725 2070 P.
1752 2035 1868 2070 Silve-

389 2085 451 2120 sser
467 2097 486 2121 e
504 2086 714 2123 Monasterio
729 2086 840 2134 egredi
855 2085 990 2123 curavit
1005 2111 1017 2127 ,
1043 2086 1151 2132 petita
1168 2099 1185 2122 a
1200 2087 1363 2134 Principe
1376 2086 1501 2124 Gratia
1516 2097 1526 2125 3
1540 2094 1574 2119 at
1585 2082 1764 2130 postquam
1780 2079 1867 2116 nihil

385 2131 454 2184 Ὴᾳε
475 2134 609 2171 ratione
623 2134 769 2182 profecit
783 2161 794 2176 ‚
807 2133 962 2180 confugit
978 2135 1016 2168 ad
1033 2133 1096 2168 hoc
1109 2133 1238 2170 sacrum
1252 2135 1420 2171 Tribunal
1438 2163 1448 2176 ,
1473 2145 1491 2168 a
1513 2143 1581 2180 quo
1595 2132 1670 2167 data
1686 2129 1749 2165 suit
1765 2127 1868 2170 luris·

390 2179 498 2214 dictio
514 2179 783 2218 Eminentissi'mo
797 2181 901 2216 Urbis
917 2181 1064 2218 Vicario
1078 2208 1088 2221 ,
1112 2181 1273 2229 Episcopo
1286 2179 1516 2220 Camerinenfi
1530 2207 1539 2218 ‚
1563 2179 1595 2214 δι
1611 2190 1653 2213 ex
1669 2177 1744 2226 ipso
1759 2176 1869 2211 Silve-

389 2225 457 2261 ssro
469 2252 480 2267 2
505 2234 603 2271 atque
615 2240 656 2264 ΒΧ
674 2230 830 2274 pluribus
845 2255 855 2268 ,
881 2239 962 2274 quos
975 2227 1068 2264 dedit
1084 2227 1242 2271 Testibus
1254 2256 1266 2270 ,
1292 2243 1373 2276 quos
1394 2231 1486 2267 inter
1501 2227 1684 2272 plurimum
1699 2221 1866 2264 spectandi

389 2274 467 2309 sunt
485 2273 600 2310 Mater
615 2300 625 2315 ‚
645 2276 855 2312 stavischius
869 2303 879 2316 ‚
903 2277 935 2312 &
949 2276 1009 2311 alii
1026 2275 1172 2318 ejusdem
1185 2277 1326 2313 Ordinis
1343 2274 1504 2313 Monachi
1524 2298 1535 2314 ,
1559 2273 1629 2309 haec
1650 2297 1661 2313 ‚
1683 2283 1755 2318 quae
1784 2281 1866 2304 nar-

390 2321 538 2355 ravimus
550 2345 560 2359 ,
580 2321 777 2357 rescivimus
792 2349 800 2357 .
825 2323 991 2369 Disputat
1005 2332 1122 2358 contra
1137 2323 1337 2367 Monasterij
1352 2323 1541 2362 Postulaior
1554 2318 1687 2357 nullam
1710 2316 1865 2354 restibus

390 2367 582 2403 habendam
600 2368 698 2404 fidem
713 2393 724 2408 ‚
753 2370 842 2415 quod
856 2370 983 2411 amici,
1003 2368 1234 2407 &familiares
1257 2371 1319 2407 sint
1345 2373 1382 2411 Ρ,
1412 2367 1562 2407 Silvestti
1578 2393 1589 2407 ‚
1612 2376 1756 2402 matrem
1779 2375 1867 2398 vero

392 2426 462 2450 rem
485 2414 578 2448 suam
595 2426 715 2463 agere,
742 2426 818 2451 cum
846 2417 886 2451 ad
915 2418 1033 2453 tertias
1057 2419 1190 2454 venerit
1209 2419 1343 2463 nuptias
1366 2444 1376 2459 ,
1399 2419 1430 2453 δι
1461 2416 1622 2454 unicum,
1645 2424 1739 2459 quern
1766 2412 1867 2447 habet

390 2461 481 2497 hunc
503 2459 613 2496 filium
626 2488 636 2502 ‚
663 2474 820 2499 revocare
842 2464 928 2498 velit
940 2475 958 2497 e
971 2462 1181 2499 Monasterio
1193 2489 1203 2504 ‚
1221 2473 1258 2498 ut
1273 2477 1340 2501 rem
1356 2474 1452 2501 curet
1462 2461 1672 2497 domesticam
1683 2483 1694 2496 .
1718 2457 1868 2495 Videant
1921 2473 1927 2502 τ

397 2507 606 2561 Amplissimi
624 2511 739 2546 Patres
753 2538 762 2551 ‚
785 2522 849 2554 qua
863 2511 950 2552 Juris
963 2512 1093 2544 ratione
1108 2512 1351 2557 expediendum
1363 2513 1402 2550 sit
1416 2509 1575 2547 Dubium
1589 2533 1599 2545 .

355 2568 417 2598 ,An
430 2557 474 2597 stt
486 2557 579 2591 locus
593 2556 798 2598 restitutioni
813 2561 847 2594 in
863 2563 1033 2607 Integrltm
1058 2560 1093 2594 1⁰11
1118 2559 1195 2603 casu
1216 2565 1288 2597 &a
1513 2571 1515 2574 ⁴

518 2662 704 2717 Dilata
728 2704 742 2728 ,
780 2670 828 2717 ὅ(
865 2667 1188 2733 adjuventur
1209 2666 1552 2735 probationes
1575 2699 1588 2716 .
1697 2734 1779 2782 LU
