1874 2961
75 187 156 213 vera
170 171 272 208 fuerit
287 195 296 210 ,
323 166 389 202 {ive
406 163 487 201 salsa
504 172 557 199 res
578 160 613 196 in
639 159 727 195 idem
742 157 892 195 recidit.
913 166 991 192 cum
1021 159 1166 199 nequeat
1189 162 1207 186 a
1222 151 1314 186 Viro
1342 113 1487 196 promisi

259 218 268 252 i
297 213 430 250 nullum
455 210 552 247 saciat
572 210 804 247 contraoum,
829 203 908 242 esset
937 213 1080 247 namque
1108 202 1174 234 hoc
1192 200 1268 234 casu
1294 209 1361 232 non
1391 207 1487 231 error

69 231 252 318 {gisdnaeq‚u
265 265 319 300 scd
339 272 433 296 error
456 256 655 306 qualitatis,
681 255 760 301 qui,
789 263 825 289 iit
850 250 1110 299 cognitiilimum
1134 245 1202 286 est,
1229 257 1294 280 non
1318 257 1392 296 eam
1416 244 1488 279 vim

73 319 180 355 habet
195 342 204 354 ‚
230 323 267 349 ut
288 306 503 348 Matrimonii
529 303 739 341 contractum
758 302 894 337 irritum
914 298 1029 334 reddat
1048 310 1054 328 :
1083 306 1144 329 nec
1166 304 1296 330 mutare
1322 292 1488 326 dele-Cium

57 363 184 417 proprii
202 358 343 396 Paroclii
360 354 514 390 mulieris
528 379 538 391 ,
562 349 728 396 explorati
757 348 919 397 siquidem
944 346 1024 390 juris
1049 342 1094 377 cst
1120 341 1196 379 fatis
1212 339 1275 376 effe
1293 339 1481 375 Parochuin

60 414 131 450 virt
149 422 191 445 ex
208 402 391 444 Pontificia
405 399 630 436 declaratione
647 398 732 443 apud
752 404 896 443 aignan.
923 398 958 429 in
986 400 1059 438 cap.
1079 391 1166 437 quod
1183 389 1278 425 nobis
1297 400 1330 422 n.
1348 397 1403 431 33.
1435 392 1482 420 De

68 457 213 501 clandefi
230 454 359 501 despon.
387 449 467 484 licet
490 456 605 482 autem
624 446 710 481 idem
738 450 913 489 Fagnanus
939 444 973 476 in
994 447 1066 485 cap.
1085 439 1173 485 quod
1200 450 1218 470 a
1243 430 1483 483 'Praedeccsffore

65 521 84 542 a
104 518 190 543 num.
207 504 261 536 26.
282 502 324 534 ad
348 506 424 541 143.
454 502 504 530 De
519 493 695 536 Schifmat.
718 488 945 536 disputaverit
965 486 1096 522 nullam
1115 483 1290 530 Episcopis
1321 478 1487 515 Schisma—

65 554 140 589 ticis
156 546 419 594 iurisdictionem
444 541 508 577 esse
521 539 695 575 parochos
721 537 929 583 deputandi,
953 535 1011 581 qui
1029 534 1167 568 servato
1183 527 1387 565 Tridentini
1404 527 1485 561 De-

65 608 164 636 creto
181 595 334 633 interesse
349 590 466 638 pollini
478 585 711 622 Matrimoniis
727 612 737 624 ‚
765 586 796 619 ὅ(
812 585 856 619 ob
877 584 922 618 rei
941 580 1144 627 gravitatem
1158 574 1401 612 desideraverit
1425 572 1487 606 de-

63 646 255 683 finitionem
270 636 464 676 Sanoiffimi
484 636 518 668 in
532 635 628 668 Sacra
643 631 921 678 Congregatione
940 626 1170 674 inquisitionis
1187 652 1197 665 ‚
1224 624 1405 670 impletum
1430 631 1487 656 ta-

68 704 149 730 men
175 692 250 727 inde
269 687 332 722 fuit
361 685 452 721 illius
479 679 676 715 desiderium
692 705 703 718 ‚
727 690 862 713 omnem
887 676 1050 724 siquidem
1075 673 1330 708 dubitationem
1358 669 1487 706 ademit

67 740 185 776 eadem
199 738 298 772 Sacra
312 728 546 777 Congregatio
562 755 571 767 ,
598 727 651 762 cui
679 725 786 762 visum
807 725 853 759 est
873 726 905 760 in
928 721 1133 759 contrariam
1156 719 1247 755 abire
1260 718 1485 755 Sententiam,

70 797 107 824 ut
133 786 220 831 apud
236 780 338 817 Card.
364 778 541 814 Albitium
565 777 604 810 de
631 774 810 814 Inconslan.
838 776 873 808 in
893 774 964 807 Fid.
991 780 1063 817 cap.
1079 778 1134 803 20.
1160 776 1297 818 riam-5.
1322 769 1366 803 εὖ)
1388 766 1486 811 seqq.

70 837 266 880 Fagnanum
288 827 408 869 rejecit
423 851 432 864 ‚
459 823 546 870 quod
560 823 589 856 ὅ(
606 821 735 866 pridem
749 820 876 855 fecerat
890 828 963 865 cas.
979 822 1028 851 18.
1042 829 1132 853 num.
1149 825 1201 859 23.

25 884 174 918 Demum
194 889 261 912 non
286 872 397 910 obeffe
422 871 611 917 periculum
628 865 915 914 prtrvaricationis
937 865 1071 903 Clarae,
1098 861 1120 895 st
1151 860 1194 896 ad
1219 859 1344 907 primas
1369 858 1487 892 redeat

69 927 204 971 nuptias
219 935 294 959 cum
310 921 396 956 Viro
413 918 631 954 Schismatico
644 941 654 954 ‚
680 917 744 949 hoc
770 914 859 950 enim
886 912 1079 958 periculum
1094 937 1102 950 ‚
1129 920 1205 944 cum
1229 919 1281 942 res
1306 906 1353 941 est
1369 906 1408 940 de
1425 905 1486 946 iis,

72 975 129 1021 qui
143 984 229 1018 aqua
257 973 290 1005 ἃ
304 968 433 1015 Spiritu
447 967 568 1001 Sancto
593 964 701 998 renati
719 964 792 996 sunt
807 989 816 1001 ‚
841 973 908 995 non
925 959 1006 994 facit
1031 967 1068 992 ut
1082 954 1338 991 matrimonium
1351 952 1487 988 irritum

66 1022 105 1058 fit
122 1019 175 1055 sed
201 1018 273 1053 vim
294 1025 426 1052 tantum
442 1015 563 1048 habere
579 1011 685 1055 potest
710 1009 750 1042 ad
766 1008 983 1043 rexalandum
997 1004 1110 1039 Thoti
1123 1000 1361 1041 connubialis,
1387 1000 1418 1035 δι
1432 1011 1487 1037 co·

66 1067 288 1105 habitationis
304 1062 480 1100 vinculum
496 1088 502 1096 .
531 1057 678 1092 Videant
694 1057 810 1102 itaque
826 1052 1088 1089 Eminentissimi
1105 1050 1220 1086 Patres
1233 1073 1243 1084 .

24 1125 85 1155 „A”
102 1142 113 1156 ,
132 1119 176 1152 ὠ»
204 1114 364 1160 quomodo
384 1110 428 1153 fit
453 1105 698 1154 rescribendum
727 1108 761 1141 in
777 1104 852 1150 casu
867 1106 942 1140 &a

115 1216 170 1251 Ad
191 1221 338 1250 mentem
352 1235 362 1246 .

25 1319 265 1442 CASTRI
295 1347 447 1384 MARIS
472 1339 861 1383 RESIGNATJOle
887 1336 1180 1375 PAROCfflAE:
1210 1335 1370 1371 Adversae
1390 1333 1487 1368 vale-

131 1397 262 1433 tudinis
284 1393 504 1431 incommodis
516 1416 525 1429 ,
551 1392 581 1425 &
599 1388 810 1423 conscientiae
827 1387 970 1422 stimulis
986 1386 1133 1432 agitatus
1151 1382 1379 1430 Raymundus
1394 1381 1490 1415 Tur-

70 1445 141 1479 rius
157 1469 166 1482 ‚
192 1445 250 1490 qui
278 1441 468 1478 Parochiali
486 1437 636 1473 Ecclesia:
653 1435 796 1487 Spiritus
820 1434 933 1469 Sanffl
954 1435 1045 1469 della
1070 1438 1219 1467 Fontana
1241 1430 1297 1465 diu
1324 1427 1458 1475 praefuit
1484 1456 1494 1469 ‚

69 1493 221 1525 eamdem
240 1488 363 1525 dimisit
380 1515 390 1529 ‚
416 1489 447 1521 &
475 1485 693 1522 renunciavit
723 1510 730 1518 .
757 1482 847 1516 Cum
874 1490 987 1516 autem
1012 1477 1224 1515 Parochialis
1252 1478 1315 1513 illa
1343 1474 1491 1511 Ecclesia

72 1537 112 1572 ad
137 1537 387 1583 Juspatronatus
413 1533 571 1569 Sodalitii
598 1528 787 1567 Artificum
812 1555 823 1568 ,
846 1527 904 1574 qui
933 1528 1039 1573 vulgo
1066 1529 1203 1561 Bottari
1227 1532 1489 1570 nuncupantur,

70 1585 262 1630 pertineat,
284 1583 469 1629 Episcopus
487 1577 780 1616 renunciationem
793 1577 879 1611 hanc
897 1573 1102 1610 Oeconomis
1119 1572 1274 1607 Sodalitii
1287 1570 1489 1607 denunciari

69 1631 158 1674 iussit
183 1657 194 1671 ‚
218 1641 255 1667 ut
272 1632 428 1667 idoneum
444 1629 634 1665 Parochum
653 1625 738 1660 infra
753 1625 944 1670 legitimum
957 1631 1089 1662 tempus
1110 1621 1300 1666 eligerent,
1326 1620 1359 1653 8<
1377 1617 1491 1652 nomi-

71 1688 193 1713 narent
209 1706 216 1715 .
246 1679 398 1725 Urgebat
421 1678 488 1719 jam
516 1686 644 1722 tempus
664 1684 792 1708 novum
808 1670 993 1706 Parochum
1017 1667 1244 1714 praesentandi'
1259 1694 1268 1707 ‚
1293 1678 1372 1701 cum
1395 1664 1488 1699 insti-

72 1735 147 1760 tuta
163 1726 298 1771 qurestio
312 1725 358 1761 est
374 1727 412 1760 de
426 1725 603 1760 validitate
629 1719 896 1758 renunciationis
908 1744 917 1757 ‚
945 1716 1011 1750 sive
1027 1716 1122 1762 quod
1138 1714 1383 1762 Raymundum
1396 1711 1492 1747 Tur-

72 1775 162 1808 rium
177 1772 336 1820 propositi
358 1772 582 1820 paenituerit,
607 1769 675 1805 slve
700 1768 792 1814 quod
808 1763 1064 1810 Consanguinei
1088 1762 1205 1802 illius,
1233 1762 1292 1807 qui
1321 1761 1408 1795 inter
1423 1759 1490 1794 So-

72 1821 164 1856 dales
187 1821 261 1856 sunt
276 1846 287 1861 ,
312 1832 398 1867 aegre
417 1819 563 1857 tulerint
588 1817 906 1855 renunciationem:
934 1810 1042 1858 Igitur
1064 1809 1134 1855 post
1157 1808 1424 1855 appellationem
1448 1804 1492 1842 ad

73 1868 360 1913 Metropolitam:
386 1880 439 1904 res
468 1867 512 1902 ad
527 1866 760 1912 Ampliflimos
775 1864 891 1898 Patres
907 1860 1017 1894 delata
1044 1855 1138 1891 suita
1153 1855 1328 1892 Sodalibus
1341 1880 1350 1888 .

24 1918 204 1953 Promotor
221 1916 359 1952 Fiscalis
385 1916 499 1952 Curiae
519 1910 725 1961 Episcopalis
753 1909 868 1951 iustam
897 1905 1159 1951 legitimamque
1189 1902 1491 1938 renunciationem

71 1962 168 1998 fuiffe
191 1964 367 1999 contendit
387 1992 398 2005 ‚
423 1966 514 2004 nec)
539 1961 626 2007 quod
651 1957 771 1994 metuit
797 1968 816 1990 a
839 1951 1147 1998 consanguineis)
1176 1950 1300 1984 iterum
1321 1948 1491 1984 nominari

54 2010 158 2056 ,posse
176 2011 441 2058 Raymundum:
467 2009 589 2053 justam
620 2007 758 2054 quidem
780 2032 791 2045 ‚
815 2002 1052 2049 &legitimam
1078 2025 1088 2038 ‚
1107 1997 1187 2043 quia
1213 1997 1317 2032 causa:
1343 1994 1490 2031 adversae

70 2057 280 2092 valetudinis
294 2084 304 2097 ‚
327 2060 358 2094 &
376 2057 589 2095 conscientiae
612 2056 685 2098 jure
700 2051 868 2088 canonico
881 2050 1065 2094 probantur
1078 2073 1088 2086 ‚
1114 2046 1144 2079 &
1166 2043 1421 2079 confirmaverit
1433 2052 1490 2077 eas

73 2104 295 2140 Sanetiffimus
324 2106 488 2141 Pontifex
502 2106 582 2140 Pius
599 2104 643 2138 V.
671 2102 704 2136 in
719 2097 970 2135 Constitutione
987 2095 1044 2131 sua
1063 2098 1111 2135 58:
1141 2091 1320 2135 praesertim
1338 2102 1416 2125 cum
1432 2101 1488 2124 eas

72 2151 258 2198 Episcopus
279 2152 452 2188 admiserit
469 2179 478 2192 ‚
502 2153 598 2194 cujus
619 2150 665 2185 est
688 2150 722 2184 in
739 2148 791 2182 his
805 2142 1126 2182 renunciationibus
1141 2138 1331 2181 judicium,
1353 2147 1391 2172 ut
1415 2148 1489 2172 tra-

70 2198 161 2233 dunt
184 2198 308 2234 Abbas
329 2205 363 2236 in
384 2208 458 2246 cap.
478 2211 576 2246 quam
591 2199 796 2244 frequenter
820 2207 829 2227 ε
856 2197 900 2226 vt
929 2195 996 2227 Lit.
1020 2202 1083 2225 non
1108 2185 1280 2227 contestat.
1310 2191 1381 2221 Soc.
1409 2191 1487 2220 Sen.

70 2247 156 2291 confi
175 2256 255 2286 244.
272 2249 334 2282 col.
347 2259 380 2294 4.
409 2246 472 2282 lib.
488 2256 520 2281 2.
539 2245 692 2281 Menoch.
721 2244 759 2277 de
773 2241 914 2276 Arbitr.
928 2239 1050 2283 &udin
1071 2244 1144 2282 cap.
1159 2235 1215 2268 60.
1231 2246 1320 2269 num.
1335 2243 1369 2278 ς.
1396 2232 1488 2275 vers.

72 2294 133 2328 hoc
149 2302 258 2328 totum
275 2295 460 2331 Monacell.
483 2297 517 2329 in
530 2293 688 2341 Append.
711 2292 753 2324 ad
767 2287 916 2324 formul.
936 2285 1054 2332 Legal.
1070 2285 1223 2317 adnotat.
1232 2281 1337 2328 super
1351 2280 1487 2314 Bullam

76 2346 110 2376 S.
123 2343 187 2376 ‘Pii
204 2345 247 2374 V.
273 2352 405 2377 numa.

29 2387 118 2425 Non
132 2385 221 2433 poffe
239 2399 322 2423 vero
338 2388 578 2436 Raymundum
601 2387 726 2421 iterum
751 2396 770 2418 a
793 2380 965 2417 Sodalitio
989 2377 1184 2417 nominari,
1212 2375 1291 2422 quia
1317 2373 1340 2409 fi
1369 2371 1488 2418 legiti-

75 2436 164 2474 mis,
189 2434 345 2481 iustisque
380 2436 483 2473 causis
511 2434 712 2469 renunciare
740 2432 877 2477 potuit,
902 2428 1026 2464 eaedem
1047 2425 1119 2461 illae
1141 2424 1247 2460 causae
1273 2422 1404 2457 efficere
1422 2419 1489 2454 de-

75 2482 176 2518 beant
192 2506 204 2521 ‚
227 2493 269 2517 ne
284 2484 402 2519 iterum
419 2485 459 2518 ad
472 2494 546 2518 eam
560 2481 759 2516 Parochiam
773 2505 784 2519 ‚
809 2489 915 2525 quam·
931 2488 973 2510 ex
991 2473 1060 2511 illis
1080 2471 1185 2508 causis
1201 2469 1326 2505 dimifit
1338 2495 1349 2510 ,
1373 2467 1490 2502 nomi-

73 2531 149 2563 nari
174 2530 297 2576 P0ffit³
325 2540 361 2566 ut
390 2529 493 2567 tradit
515 2535 662 2576 Fagnan.
681 2531 716 2564 in
733 2528 865 2571 summa
890 2533 964 2572 cap.
981 2521 1055 2570 posb
1077 2519 1346 2555 translationem
1365 2518 1405 2551 de
1433 2525 1490 2551 re-

75 2579 227 2611 nunciat.
246 2581 289 2614 ώ
304 2582 467 2615 Doc‘i‘ores
492 2581 527 2613 in
546 2585 620 2623 cap.
646 2586 720 2609 cum
743 2586 806 2609 vos
826 2572 943 2618 ibique
970 2568 1080 2610 Gloss.
1107 2565 1212 2603 verbo
1237 2564 1490 2600 mium-{idonei

77 2625 116 2657 de
131 2622 267 2672 Officio,
291 2630 334 2661 ea»
349 2626 472 2673 potest.
498 2625 656 2659 ordinm.
680 2622 739 2655 Ab
753 2617 962 2655 oeconomis
977 2614 1135 2650 Sodaiitii
1153 2611 1238 2649 nihii
1251 2612 1408 2648 haetenus
1421 2610 1490 2644 ha-

80 2671 213 2704 buinius
231 2683 239 2702 ι
264 2670 514 2712 Controverfiae
538 2670 653 2716 capita
669 2669 736 2704 duo
757 2667 856 2707 sunt,
884 2676 957 2710 quae
975 2661 1167 2706 subjicimus
1184 2688 1192 2698 .

125 2720 306 2753 Tom.XIV.
905 2712 932 2746 F
956 2720 978 2747 2
1377 2705 1407 2742 1.
1432 2704 1489 2738 Au

1530 1343 1650 1382 &si-24.
1662 1345 1734 1375 0⁴8·

1530 1385 1567 1415 de
1575 1382 1629 1423 res}
