1883 2907
367 178 420 210 nit
441 171 578 208 interim
596 169 757 204 Sacerdos
771 168 969 205 Francistus
986 167 1108 205 Protus
1124 195 1135 210 ‚
1160 167 1406 216 qui'propofita
1416 169 1556 207 ratione
1570 194 1582 212 ‚
1601 171 1689 218 quod
1702 170 1788 206 Ale·

365 222 489 257 xander
517 217 723 264 Capozzeiia
751 215 877 252 Literis
907 220 939 251 A
968 216 1118 254 ostolieis
1153 227 1219 252 non
1253 215 1407 261 paruisset
1432 241 1444 255 ,
1472 218 1594 264 quibus
1612 222 1788 254 decretum

366 267 475 302 suerat
488 291 498 304 ‚
522 268 610 312 quod
626 267 847 300 Dot‘toratum
864 268 898 301 in
913 286 928 297 ι.
949 267 1031 311 iqua
1048 265 1238 315 approbata
1255 262 1487 304 vnivers‘itate
1508 266 1618 311 studij
1634 274 1786 303 Genera·-

365 314 409 348 lis
421 314 780 359 Ja.2J‘ct'pcre>teneretur
795 337 804 351 ‚
832 311 1221 357 Archimesbytertnum
1247 311 1281 345 in
1295 309 1449 348 Dataria
1462 311 1659 365 Apostolica
1679 314 1787 359 impe·

364 368 458 394 trare
481 364 656 397 tentavit5
682 358 740 395 sed
770 369 819 392 res
841 358 948 395 dilata
977 357 1042 392 fuit
1058 360 1097 392 ad
1121 358 1380 394 exitumCausae
1407 357 1441 392 in
1457 359 1522 394 hac
1540 358 1572 394 S.
1586 357 1787 406 Congregv

365 406 460 441 tione
476 432 484 441 .
509 405 746 449 Proponuntur
763 406 877 451 itaque
890 403 1165 440 Eminentifltmis
1178 406 1335 440 Patribus
1361 405 1429 441 duo
1442 431 1452 445 ‚
1477 417 1550 453 quae
1577 405 1763 450 sequuntur
1779 433 1790 447 ,

364 453 482 488 Dubia
500 478 508 487 .
533 454 622 488 Rem
639 452 773 497 quidem
785 449 960 489 conficere
986 451 1125 486 videtur
1140 451 1356 486 Constitutio
1381 452 1602 490 Sacratissimi
1622 452 1789 499 Principis

350 500 465 534 ·nostri
481 525 491 539 ,
515 500 609 541 cujus
628 498 770 533 initium
793 496 840 534 est
853 498 942 535 inter
952 498 1162 545 conspicuos
1178 498 1324 536 Ordines
1347 499 1439 533 edita
1462 511 1664 548 ann01744.
1685 513 1788 548 qua...

366 556 517 582 veterem
537 545 627 582 inter
645 545 710 579 duo
723 544 887 592 Collegia
901 545 1217 582 Protonotariorum
1238 545 1521 591 Apostolicorum
1534 573 1544 587 ,
1569 549 1601 583 δι
1627 549 1788 583 Advoca—

365 603 475 628 torum
485 591 778 631 Consistorialium
793 593 1067 630 Controversiam
1080 592 1132 629 -de
1144 594 1208 629 hoc
1221 593 1301 638 Jure
1318 592 1522 631 DoCtoeandi
1543 593 1703 631 definivit
1715 609 1725 628 =
1751 598 1786 633 A

367 639 618 677 Protonotariis
634 639 728 674 vnihil
754 640 950 676 habuimus:
977 641 1094 676 Dubia
1111 640 1204 676 sunt.

322 687 350 724 1.
372 689 430 723 An
440 686 579 722 Gradus
599 687 802 723 Doctoratus
826 689 986 724 obtentus
1012 701 1030 722 a
1058 688 1143 723 Ven.
1158 687 1317 737 Collegio
1353 688 1680 726 Protonotariorum
1695 690 1789 737 Apo—

413 734 607 770 stolicorum
626 732 826 780 suffragetur
851 735 886 769 in
900 735 975 771 casu
988 760 998 770 .
1025 743 1070 771 Et
1083 745 1251 782 quatenus
1267 739 1433 782 negative
1459 764 1465 772 .

321 782 367 819 ll.
391 785 449 818 An
465 780 504 815 sit
517 781 759 817 consulendum
785 781 996 817 Sanffissimo
1021 793 1079 829 pro
1103 781 1225 818 Gratia
1240 809 1248 822 ‚
1268 783 1325 819 vel
1353 781 1471 818 saltem
1497 782 1730 818 habilitandus
1745 780 1789 817 fit

413 831 544 911 91³¹⁰s¹
570 829 610 912 agl(
631 839 759 866 novum
786 828 1016 866 Doetoratum
1041 829 1261 866 obtinendum
1287 830 1323 866 in
1351 830 1492 879 publica
1521 829 1789 867 Vniverfitate.»

411 888 450 915 ln
473 887 512 912 ca
528 888 549 912 u
615 888 645 913 c.

415 975 638 1012 Affirmative
660 973 704 1010 ad
727 974 875 1021 primum
891 1000 901 1017 ,
927 975 1013 1015 fatto
1037 977 1144 1016 verbo
1165 987 1241 1012 curn
1271 975 1503 1014 sanctissimo.
1531 977 1588 1012 Ad
1605 976 1787 1014 secundum

319 1024 497 1073 provisum
523 1024 561 1058 in
583 1022 712 1069 primo.

104 1159 283 1197 sess-aqam
375 1158 604 1196 TAGNEN.
629 1157 894 1195 Matrimonium
918 1159 1089 1197 contraxit
1101 1159 1360 1206 christophorus
1386 1161 1542 1209 Longhus
1569 1172 1659 1198 anno
1681 1170 1782 1209 1739.

86 1201 119 1226 df
131 1199 183 1238 '‘s-
195 1209 267 1230 m‘·
377 1230 379 1232 -
396 1219 473 1243 cum
488 1205 678 1241 Catharina
699 1205 864 1243 Rachliza
877 1232 888 1247 ‚
914 1208 1146 1255 ignorantibus
1171 1209 1369 1254 conjugibus
1396 1209 1672 1256 impedimentum
1693 1209 1785 1244 diri-

365 1266 459 1291 mens
475 1252 777 1300 consanguinitatis
805 1254 839 1288 in
865 1264 983 1299 quarto
1009 1255 1140 1300 gradu.
1164 1255 1217 1290 Re
1243 1255 1453 1298 judicialiter
1465 1266 1635 1303 comperta
1651 1282 1660 1296 ,
1686 1254 1784 1292 seso

365 1303 563 1348 separarunt
578 1326 588 1339 ‚
612 1300 742 1336 &licet
768 1301 861 1336 nulla
885 1302 1062 1337 aParocho
1087 1302 1200 1336 omissa
1218 1301 1322 1338 fuerit
1349 1304 1541 1350 diligentia,
1569 1314 1636 1353 quo
1651 1302 1786 1338 Matri-

367 1348 518 1383 monium
544 1358 634 1382 novo
647 1347 805 1383 consensu
831 1349 1092 1385 convalidarent
1107 1376 1116 1389 ‚
1142 1351 1340 1386 recusarunt
1361 1350 1413 1386 illi
1438 1350 1587 1395 semper,
1612 1359 1650 1385 ut
1663 1348 1782 1386 defun-

366 1397 434 1431 ἕως
452 1393 638 1440 stagnensis
661 1393 846 1441 Episcopus
859 1423 868 1436 ,
888 1396 1023 1443 eiusque
1047 1396 1208 1432 Vicarius
1223 1396 1406 1434 Generalis
1431 1398 1681 1436 declaraverint
1706 1396 1784 1431 nul·

368 1444 437 1479 lum
451 1441 545 1477 fuisse
559 1441 840 1483 Matrimonium,
865 1444 897 1478 ἃ
910 1444 1160 1479 Contrahentes
1179 1444 1307 1480 liberos
1322 1444 1386 1480 effe
1402 1469 1413 1479 .
1437 1446 1582 1482 Ancilla
1597 1451 1672 1481 erat
1691 1441 1783 1480 domi

367 1490 532 1526 Simeonis
557 1490 736 1525 Simonetti
767 1488 882 1525 fratris
897 1491 1045 1527 Antonii
1069 1490 1253 1527 Simonetti
1272 1492 1417 1528 Parochi
1432 1492 1585 1539 Tarpani
1605 1489 1782 1527 Francisca

368 1537 529 1571 Pauscina
551 1549 562 1575 ;
595 1535 799 1583 Compressit
834 1537 919 1572 hanc
946 1538 1116 1584 virginem
1142 1538 1406 1586 Christophorus
1433 1567 1442 1579 ,
1477 1540 1537 1575 diu
1582 1550 1634 1575 res
1658 1538 1786 1576 latuit.

368 1583 422 1618 sed
438 1583 496 1618 ubi
512 1584 641 1619 Venter
661 1584 846 1623 intumuit,
870 1584 1128 1630 consanguinei
1142 1586 1294 1622 mulieris
1309 1590 1488 1633 quaerelam
1515 1585 1781 1634 proposuerunt,

368 1639 405 1665 ut
422 1640 596 1676 cogeretur
609 1630 868 1676 Christophorus
894 1633 934 1668 ad
960 1633 1118 1674 injuriam
1146 1633 1279 1668 illatam
1305 1638 1521 1678 reparandam
1540 1644 1684 1669 uxorem
1711 1642 1789 1666 eam

368 1677 515 1715 ducere;
541 1677 621 1712 hinc
638 1677 804 1712 Pal-ochus
824 1679 1009 1715 Simonetti
1036 1679 1198 1720 curavit.
1222 1689 1261 1715 ut
1289 1682 1403 1718 Frater
1429 1683 1553 1721 domo,
1577 1678 1787 1723 servitioque

369 1723 466 1759 illam
481 1723 692 1762 dimitteret,
720 1723 798 1760 inde
827 1726 964 1762 mollire
985 1727 1133 1762 animum
1156 1726 1254 1772 caepit
1275 1726 1613 1774 consanguineorum
1627 1752 1637 1766 ‚
1654 1735 1693 1760 ut
1717 1722 1786 1760 dif-

369 1770 498 1806 ferrent
511 1797 522 1811 ,
545 1771 655 1806 donec
668 1771 875 1807 Sententiam
889 1774 1056 1810 nuliitatis
1071 1774 1292 1810 Matrimonii
1316 1776 1406 1811 inter
1419 1775 1704 1821 christophorum
1717 1797 1728 1811 ,
1753 1772 1786 1806 &

367 1818 586 1853 Cathari'nam
600 1819 706 1853 Curia
721 1818 948 1855 Ecclesiastica
976 1820 1082 1856 ferret
1095 1846 1104 1854 .
1131 1820 1307 1867 Urgebant
1324 1822 1380 1858 illi
1398 1849 1408 1863 ,
1438 1823 1612 1858 Parochus
1634 1828 1788 1856 contra..-

367 1875 482 1915 moras
509 1865 691 1905 iniciebat,
715 1877 782 1911 quo
797 1866 1080 1904 denunciationes
1096 1866 1170 1902 fieri
1194 1866 1340 1912 postem,
1364 1881 1444 1916 quas
1459 1867 1706 1905 Tridentinum
1731 1875 1789 1899 re-

369 1912 493 1958 quirit.
519 1911 677 1947 Tandem
690 1912 941 1960 Consanguinei
962 1927 1059 1950 morae
1084 1916 1118 1950 ὃ(
1133 1916 1310 1950 verborum
1328 1915 1454 1962 pertaefi
1471 1916 1505 1951 in
1519 1928 1591 1951 eam
1617 1919 1782 1950 venerunt

370 1959 492 1997 iuroris
507 1960 700 1999 audaciam,
726 1970 765 1995 ut
788 1962 847 1997 die
867 1972 918 2002 14.
935 1962 1060 1999 Mensis
1083 1962 1290 2008 Septembris
1315 1965 1392 1999 anni
1410 1963 1650 2009 1744.'armati
1664 1961 1703 1994 ad
1716 1958 1785 1993 Pa-

370 2007 511 2041 rochum
525 2006 726 2042 accederent
739 2033 749 2046 ‚
774 2009 873 2054 eique
888 2010 1089 2045 indixerunt
1105 2035 1114 2049 ‚
1141 2018 1193 2044 ut.
1204 2009 1262 2043 nisi
1278 2010 1448 2046 continuo
1460 2009 1738 2057 christophorum
1752 2006 1786 2042 &

372 2053 587 2089 Franciscam
607 2054 853 2100 conjungeret,
878 2057 995 2093 ambos
1016 2056 1115 2092 morti
1140 2056 1223 2092 dare
1246 2055 1451 2094 statuerant.

331 2099 464 2137 Blandis
478 2101 590 2136 verbis
606 2112 664 2137 eos
681 2102 828 2139 retinere
843 2105 992 2140 tentavit
1005 2104 1176 2140 Parochus
1188 2130 1201 2145 ‚
1220 2102 1275 2138 sed
1293 2103 1348 2139 illi
1364 2107 1468 2141 verba
1480 2103 1622 2150 amplius
1638 2101 1697 2138 fibi
1710 2103 1790 2138 dare

372 2145 461 2182 velle
474 2157 634 2194 negantes
647 2148 861 2186 discedebant
883 2151 1024 2187 occisuri
1052 2151 1226 2188 faeminam
1240 2176 1251 2190 ‚
1274 2152 1306 2187 &
1331 2153 1464 2188 virum.
1494 2151 1662 2187 Parochus
1677 2150 1712 2185 in
1735 2149 1786 2184 his

372 2193 531 2243 angustiis
544 2195 678 2231 consilii
691 2208 835 2243 expers,
861 2209 901 2234 ut
923 2201 989 2234 duo
1016 2199 1197 2234 homicidia
1220 2200 1369 2239 vitaret,
1393 2211 1450 2235 eos
1474 2198 1653 2235 revocavit
1668 2223 1678 2236 ‚
1704 2207 1787 2242 pro-

371 2242 527 2287 misitque
544 2241 642 2277 illico
659 2243 858 2289 Tarpanum
882 2248 992 2286 adire,
1015 2250 1103 2292 quod
1127 2248 1246 2281 octavo
1265 2245 1374 2292 lapide
1400 2245 1537 2282 distabat
1550 2272 1561 2285 ,
1586 2246 1618 2281 &
1634 2243 1790 2279 Christo·

371 2287 514 2338 phorum
529 2299 568 2322 ac
581 2288 791 2327 Franciscam
814 2294 849 2327 in
865 2294 1130 2329 Matrimonium
1150 2293 1356 2339 coniungere
1369 2322 1376 2330 .
1409 2293 1460 2328 Ita
1469 2292 1598 2329 factum
1619 2291 1706 2330 fuit,
1728 2301 1787 2325 ve-

370 2343 504 2384 tuitque
518 2334 729 2382 Coniugibus
740 2339 928 2380 parochus,
955 2353 996 2375 ne
1013 2341 1107 2376 simul
1134 2341 1327 2376 habitarent
1341 2367 1351 2380 ,
1375 2349 1477 2387 atque
1506 2339 1560 2376 illi
1579 2347 1783 2385 paruerunt.

372 2381 529 2417 Vicarius
552 2382 762 2428 Capitularis
785 2386 830 2420 ab
855 2386 1001 2432 Epistola
1019 2388 1160 2423 Parochi
1179 2388 1340 2422 de'omni
1365 2389 1428 2423 hac
1454 2398 1492 2423 re
1521 2386 1651 2422 certior
1676 2383 1782 2419 sactus

372 2427 563 2464 Prot-essum
586 2430 783 2472 judicialem
808 2442 930 2468 contra
956 2446 1032 2469 eum
1057 2434 1201 2469 instituit
1225 2460 1236 2473 ‚
1263 2445 1370 2478 eoque
1392 2434 1521 2482 pluries
1547 2432 1691 2470 audito,
1716 2443 1784 2466 non

371 2485 453 2526 Ver?
467 2500 477 2515 ³
502 2486 541 2511 ut
564 2475 676 2513 facere
691 2478 874 2519 debuisset,
900 2480 1168 2529 Consanguineis
1189 2481 1372 2517 Franciscae
1385 2508 1395 2522 ,
1414 2481 1624 2516 Sententiam
1647 2478 1787 2513 tandem

373 2522 456 2555 tulit
470 2548 480 2562 ‚
504 2536 569 2570 qua
595 2525 780 2562 Parochum
800 2528 841 2561 ab
863 2528 989 2564 Officio
1009 2540 1067 2575 per
1086 2528 1268 2564 triennium
1298 2527 1486 2574 suspensum
1502 2527 1637 2566 voluit,
1666 2527 1696 2561 δι
1727 2536 1790 2573 per

373 2567 458 2602 duos
483 2573 612 2608 menses
635 2574 823 2609 carceribus
852 2574 916 2609 effe
936 2576 1212 2620 mancipandum.
1240 2575 1449 2622 Appellavit
1471 2574 1637 2612 Pati-ochus
1657 2574 1698 2609 ab
1725 2574 1788 2607 hac

321 2636 323 2639 -
371 2615 576 2667 Sententiam
603 2621 761 2656 Vicarius
790 2633 875 2656 vero
900 2623 1162 2670 appellationem
1182 2621 1218 2657 in
1240 2623 1443 2659 devolutivo
1468 2631 1598 2658 tantum
1623 2618 1758 2656 admisit
1779 2645 1790 2659 ,

375 2664 406 2699 bt
434 2672 546 2699 vetuit
562 2692 574 2706 ‚
601 2674 643 2701 ne
662 2668 800 2705 Sacrum
816 2668 965 2706 faceret.
988 2669 1157 2707 parochus
1183 2671 1275 2706 adito
1287 2669 1514 2707 Sacratissimo
1537 2668 1713 2750 Principtik
1729 2676 1791 2700 ¹¹0-

825 2730 830 2734 *
1716 2725 1756 2749 [0
1771 2738 1784 2757 9
