1883 2907
331 89 416 176 fluia
431 131 453 166 fi
468 128 616 165 defectus
636 126 761 170 hujus,
785 126 816 161 &
831 126 1004 164 nullitatis
1020 123 1194 162 scientiam
1208 124 1399 166 habuisset,
1426 125 1552 165 tacitus
1575 127 1696 163 saltem
1718 136 1807 163 con-

334 179 446 214 tensus
466 202 477 215 ‚
500 177 531 210 δι
547 186 635 210 nova
651 176 758 210 veluti
776 172 938 211 Prosessio
951 174 1054 222 poss'et
1067 174 1186 209 induci
1201 201 1211 214 ‚
1241 174 1320 209 hinc
1336 183 1372 209 ut
1394 185 1534 213 ornnem
1558 184 1717 212 amoveat
1742 176 1808 210 du-

334 225 542 261 bitationem
556 248 566 262 ,
589 223 726 259 causam
741 221 849 258 refert
862 221 912 258 sui
927 223 1075 262 erroris,
1098 221 1353 257 adnotationem
1378 220 1528 263 scilicet,
1553 234 1654 270 quam
1676 221 1806 269 supra..

333 271 401 307 diei
419 269 540 306 natalis
562 269 612 306 sui
631 272 796 315 nit-vulfi
804 274 886 307 anni
903 271 996 317 ⁸706.
1018 270 1054 305 in
1067 268 1160 304 libro
1173 268 1418 306 Prosessionum
1433 295 1444 309 ‚
1467 282 1530 317 qua
1546 281 1687 307 erronea
1701 270 1806 305 adno-

333 318 467 356 tatione
482 318 601 354 ductus
616 317 824 364 ignoraverit
850 317 883 353 se
906 318 989 354 vitae
1003 318 1136 353 usuram
1150 315 1314 361 accepisse
1330 320 1383 353 die
1402 325 1454 351 22.
1468 319 1566 362 ⁶Julii
1583 322 1682 362 1708.
1695 343 1706 358 ‚
1730 327 1806 362 qua:

330 365 460 402 veritas
481 365 590 401 cidem
607 366 719 410 patuit
732 391 741 404 ,
766 376 843 400 cum
855 363 1036 400 occasione
1052 363 1123 398 litis
1141 363 1360 399 Parochiales
1375 364 1482 400 libros
1494 363 1663 401 consuluit
1678 393 1687 401 .
1712 363 1807 411 Qid

327 413 481 449 habeant
492 414 530 448 ad
545 411 781 449 Profeffionem
795 411 961 446 tuendam
975 436 987 450 ,
1012 411 1069 447 vel
1083 411 1175 445 Ordo
1192 436 1203 451 ,
1216 410 1274 446 vel
1287 413 1446 456 Defensor
1461 412 1674 460 Profeſjzbnis
1687 437 1698 452 ,
1712 412 1805 457 igno-

326 471 440 497 ramus
454 475 464 495 ε
490 460 646 496 Dubium
662 485 672 498 ,
697 459 784 505 quod
798 458 996 504 proponitur
1009 484 1019 498 ,
1038 458 1086 492 est
1104 485 1113 493 .

281 507 342 544 §An
351 509 397 552 Jit
412 509 505 544 locus
523 507 732 551 restitutioni
755 509 790 542 in
806 510 978 554 integrum
993 509 1027 542 in
1044 505 1121 550 casu
1133 507 1208 542 &c-

454 615 732 667 Scribatur
753 615 1184 684 Archiepiscopo
1202 616 1350 681 juxta
1370 614 1769 672 lnstrufflonem
1789 658 1802 671 .

4 689 113 734 Sess.2
126 697 244 728 3-c.12.

7 737 44 773 de
58 736 134 783 qu·
280 746 347 830 P
361 744 656 782 OTENTINA:
678 746 757 781 Mos
772 745 818 781 est
831 747 991 794 antiquus
1004 743 1080 783 usus
1093 771 1103 786 ‚
1128 745 1160 781 &
1176 744 1306 780 statutis
1326 745 1547 783 confirmatus
1565 747 1598 783 in
1620 748 1804 796 Collegia—

372 803 404 830 ta
417 795 588 840 receptiva
601 791 747 828 Ecclesia
762 795 794 828 S.
810 793 995 830 Michaelis
1012 795 1181 831 Potentia:
1194 819 1205 833 ‚
1229 803 1295 838 quo
1306 792 1434 829 Clerici
1448 805 1605 831 recenter
1624 795 1804 842 adscripti,

325 840 510 877 subduntur
532 840 677 875 servitio
700 840 801 875 trium
824 852 986 877 annorum
1018 841 1052 877 in
1076 839 1307 875 subdiaconali
1335 866 1345 880 ‚
1371 840 1518 876 totidem
1543 843 1576 877 in
1595 843 1766 879 diaconali

325 889 540 935 aliorumque
555 887 657 923 trium
672 888 706 921 in
729 886 928 923 sacerdotali
948 900 1109 926 munere,
1136 887 1253 922 habita
1266 888 1395 923 ratione
1410 889 1537 925 servitii
1555 890 1656 933 hujus
1670 891 1704 926 in
1720 903 1796 937 per-

325 936 495 983 cipiendis
508 934 749 970 emolumentis
764 961 772 968 .
797 934 971 982 Receptus
989 936 1050 971 suit
1066 946 1156 969 anno
1172 944 1270 980 1734.
1285 935 1438 971 Michael
1454 936 1615 972 Lauritus
1627 963 1636 977 ,
1658 939 1715 983 qui
1730 937 1803 985 post

324 983 502 1019 servitium
516 983 660 1024 alicujus
676 983 839 1028 temporis
852 981 1012 1019 Potentia
1026 982 1166 1018 disceffit
1179 1009 1188 1024 ,
1201 991 1238 1018 ut
1252 981 1365 1017 studiis
1379 994 1514 1029 operam
1528 982 1804 1031 daretsediitque

324 1031 459 1066 tandem
488 1030 522 1064 in
539 1028 689 1065 Patriam
701 1027 833 1064 Laurea
854 1029 1020 1066 doCtorali
1034 1029 1224 1065 honestatus
1237 1055 1248 1070 ,
1274 1030 1305 1064 δι
1326 1030 1439 1065 anolus
1455 1031 1595 1066 Acerris
1610 1060 1616 1067 .
1633 1030 1803 1067 Reversus

324 1088 413 1112 anno
429 1087 526 1120 1744.
541 1087 611 1112 non
626 1075 760 1111 acceffit
770 1076 814 1111 ad
830 1076 983 1113 Eccleliae
997 1076 1171 1113 servitium
1185 1104 1195 1118 ‚
1226 1077 1372 1112 monitus
1389 1077 1493 1116 licet;
1518 1089 1618 1124 quare
1631 1077 1801 1114 canonici

324 1136 427 1161 morae
442 1123 571 1169 pertaefi
587 1149 598 1162 ,
623 1124 655 1158 ἃ
671 1123 888 1169 negligentiae
904 1124 1000 1162 illius
1011 1136 1091 1160 eurn
1106 1133 1344 1171 expunxerunt
1356 1149 1366 1163 ,
1389 1126 1423 1160 &
1439 1126 1641 1161 deleverunt
1654 1137 1697 1163 ex
1709 1127 1801 1167 albo,

324 1172 499 1206 communi
515 1170 678 1206 consensu
692 1196 702 1209 ,
728 1182 787 1206 ore
812 1179 894 1208 tuuc
935 1173 1066 1212 rolato‚
1093 1172 1170 1207 inde
1183 1174 1216 1208 in
1229 1170 1360 1218 scriptis
1382 1183 1424 1207 ex
1439 1172 1622 1208 intervallo
1641 1173 1798 1210 redacto.

324 1217 425 1254 Unus
450 1228 533 1254 tunc
558 1218 675 1253 aberat
689 1217 884 1254 Canonicus
934 1220 1089 1256 herardus
1103 1218 1327 1255 Tramutolus
1344 1219 1477 1254 Lauriti
1496 1220 1801 1266 Conianguineus,

322 1267 382 1312 qui
397 1277 475 1303 eum
490 1277 575 1311 aegre
590 1265 699 1300 serens
715 1265 892 1311 expulsum
907 1292 917 1306 ,
944 1266 1156 1315 impugnavit
1171 1266 1394 1312 collegarum
1408 1266 1540 1302 suorum
1553 1267 1803 1314 repentinam-n

321 1313 576 1352 sententium&
590 1313 796 1360 provocavit
808 1314 849 1348 ad
862 1313 1072 1360 Episcopum,
1086 1314 1144 1362 qui
1159 1314 1246 1361 gesta
1258 1325 1276 1348 a
1288 1313 1452 1359 Capitulo
1463 1313 1598 1350 rescidit
1610 1340 1620 1354 ,
1634 1314 1800 1350 restituit·

325 1373 390 1410 que
417 1361 452 1395 in
475 1358 649 1406 pristinum
673 1360 789 1396 locum
816 1361 1026 1398 Michaelem
1051 1361 1228 1397 Lauritum
1250 1386 1261 1398 .
1296 1361 1499 1407 Appellavit
1529 1361 1731 1407 Capitulum
1757 1361 1800 1396 ad

326 1412 374 1444 A.
387 1409 432 1443 C.
444 1434 455 1448 ,
480 1406 709 1443 Tramutulus
722 1408 879 1452 quievit,
905 1420 976 1445 non
989 1409 1150 1445 Lauritus
1167 1435 1178 1449 ‚
1192 1409 1250 1455 qui
1263 1408 1376 1444 delata
1388 1407 1503 1444 Caul‘ae
1516 1409 1612 1451 hujus
1628 1408 1800 1456 cognitio-

325 1467 369 1492 ne
381 1459 419 1491 ad
436 1455 716 1490 Eminentiffiinos
735 1455 850 1491 Patres
866 1483 876 1497 ,
901 1468 1014 1503 preces
1027 1453 1175 1495 obtulitg
1201 1455 1323 1504 quibus
1344 1457 1475 1497 petebat
1501 1456 1667 1491 declarari
1690 1456 1800 1491 nulli·

325 1513 380 1538 ter
409 1505 516 1538 anum
541 1500 639 1537 fuisse
661 1513 679 1536 a
706 1502 872 1549 Capitulo
890 1531 900 1544 ‚
927 1504 1117 1551 servarique
1142 1514 1217 1539 eum
1241 1503 1276 1538 in
1303 1504 1357 1539 sua
1384 1501 1572 1549 poffeffione
1602 1512 1672 1538 tum
1691 1502 1799 1542 Loci.

324 1560 397 1586 tum
413 1550 722 1585 emolumentorum
741 1551 1031 1597 percipiendorum
1045 1555 1086 1587 ab
1099 1551 1140 1586 iis
1156 1578 1166 1591 ,
1188 1550 1245 1598 qui
1259 1549 1412 1586 Ecclesiae
1424 1549 1575 1585 servium
1590 1575 1601 1590 ,
1628 1550 1710 1586 licet
1737 1551 1796 1585 ab·

322 1598 426 1634 fuerit
443 1623 451 1635 ,
476 1608 554 1632 cum
569 1608 626 1642 pro
640 1596 821 1641 praesente,
848 1600 879 1634 &
898 1598 1074 1634 servitium
1089 1598 1265 1645 praestante
1279 1597 1395 1634 haberi
1411 1597 1590 1636 debuerit,
1611 1597 1691 1644 quia
1715 1598 1794 1631 abe-

321 1654 377 1682 rat
392 1643 570 1680 studiorum
585 1644 719 1679 causam
734 1672 741 1679 .
758 1646 907 1682 Auditus
923 1645 986 1680 fuit
1001 1672 1010 1685 ,
1027 1657 1062 1680 ut
1080 1646 1156 1681 fieri
1172 1645 1270 1687 solet,
1301 1641 1503 1688 Episcopus:
1521 1656 1540 1679 a
1554 1644 1697 1679 [aurito
1710 1643 1798 1679 nihil

318 1693 479 1728 hactenus
496 1692 673 1727 habuimus
687 1691 911 1737 :Capitulum
928 1692 1081 1728 libellum
1096 1693 1209 1732 dedit,
1235 1704 1302 1738 quo
1318 1692 1384 1727 late
1397 1691 1558 1735 disputat,
1570 1700 1609 1727 ut
1620 1691 1802 1727 auctoriat-

321 1749 390 1775 tem
407 1739 498 1774 suam
513 1747 647 1773 tueatur
663 1738 906 1780 destituendi,&
921 1752 961 1775 ex
975 1740 1056 1775 albo
1069 1740 1199 1776 delendi
1214 1738 1445 1775 inobedientes
1456 1737 1634 1778 statutis‚&
1656 1739 1801 1775 consue-

323 1785 520 1824 tudinibus3
545 1786 647 1833 Qod
670 1783 692 1818 fi
716 1786 825 1823 adhuc
851 1789 921 1824 htec
942 1787 1120 1823 destitutio
1134 1786 1267 1823 Lauriti
1282 1786 1460 1821 substineri
1476 1797 1542 1820 non
1555 1787 1655 1833 potiit
1669 1813 1679 1827 ‚
1706 1785 1788 1821 nul-

323 1835 392 1870 lam
405 1833 595 1869 habendam
623 1831 687 1868 esse
703 1834 882 1870 contendit
897 1834 1060 1871 rationem
1079 1835 1236 1875 temporis
1249 1861 1260 1876 ,
1281 1846 1351 1881 quo
1365 1833 1544 1868 servitium
1566 1836 1607 1867 ab
1620 1833 1789 1871 absente.-

324 1881 469 1916 Laurito
482 1879 663 1926 praestitum
681 1891 751 1915 non
765 1881 832 1917 fuit
846 1909 855 1921 ‚
878 1881 1023 1918 abfuerit
1037 1882 1120 1917 licet
1140 1881 1322 1917 studiorum
1338 1880 1459 1916 causa:
1483 1878 1618 1925 Legem
1643 1878 1796 1926 Amplis-

326 1928 399 1964 stmi
409 1930 525 1965 Patres
539 1928 629 1963 hunc
644 1928 800 1974 Capituli
815 1930 974 1966 libellum
988 1956 999 1970 ‚
1012 1939 1048 1965 ut
1056 1930 1127 1967 duo
1142 1941 1236 1972 ,quae
1250 1929 1432 1975 sequuntur
1447 1954 1458 1968 ‚
1477 1926 1596 1962 Dubia
1610 1927 1773 1964 definiant
1783 1951 1795 1962 .

280 1976 307 2012 I.
331 1985 390 2013 -An
403 1977 529 2014 deletio
544 1977 737 2012 Sacerdotis
753 1979 939 2015 Michaelis
956 1978 1106 2024 «Angelis
1120 1980 1263 2013 Laurito
1278 1990 1322 2014 ex
1337 1976 1432 2012 «Albo
1449 1976 1597 2022 Capituli
1610 1975 1796 2020 substinea-

466 2033 525 2059 tur
539 2026 573 2058 in
587 2025 664 2067 casu
686 2025 762 2058 &c-
776 2050 787 2065 ‚
815 2025 848 2060 8<
863 2034 1027 2071 quatenus
1038 2023 1197 2070 negative
1212 2050 1224 2064 ,

280 2070 325 2105 ΙΙ.
349 2077 408 2108 An
419 2097 430 2112 ,
454 2075 498 2108 (θ’
513 2082 532 2104 a
558 2083 623 2118 quo
636 2079 786 2118 tempore
800 2072 944 2107 debatur
953 2073 1184 2119 participatio
1195 2083 1269 2107 cum
1282 2068 1435 2117 Infigniis
1449 2093 1461 2108 2
1484 2070 1631 2118 aliisque
1657 2069 1793 2107 honori-

467 2118 542 2154 hus·
555 2118 720 2162 confitetis
738 2121 774 2154 in
787 2120 863 2164 casu
880 2124 955 2156 &a

6 2257 246 2305 ιςερῃςψψήῖ,
450 2225 641 2279 Dilata
658 2229 727 2280 ad
747 2228 1053 2296 sequentem
1073 2268 1085 2282 .

5 2304 245 2392 ZesSKZssZZ
403 2354 594 2392 ILETEN.
621 2356 1015 2400 JURISDICTIONIS
1038 2382 1049 2397 ‚
1073 2357 1139 2395 ET
1162 2355 1353 2399 JURIUM
1377 2354 1789 2393 PAROCHIALIUM:

3 2407 38 2439 4·
53 2402 89 2431 αθ
109 2399 182 2445 Ref-
260 2423 263 2426 ⁴
417 2405 469 2439 Est
485 2404 518 2438 in
532 2406 670 2451 Oppido
684 2404 822 2441 Galam
839 2404 997 2440 Diaecefr,
1014 2405 1202 2441 Miletenfis
1218 2404 1371 2441 Ecclesiae
1396 2410 1428 2440 S,
1454 2407 1573 2439 Μανία.»
1595 2406 1632 2438 de
1663 2405 1763 2439 Valle
1775 2429 1788 2445 ‚

325 2453 420 2494 cuius
443 2450 587 2492 Redior,
611 2453 812 2499 Cappellani
828 2479 838 2492 ‚
862 2454 893 2488 &
918 2452 1115 2488 Confratres
1137 2452 1322 2487 substinent
1342 2449 1405 2486 esse
1429 2453 1613 2486 extruclam
1649 2451 1683 2485 in
1713 2451 1787 2494 solo

326 2498 540 2541 Lateranenfi
551 2527 562 2540 ‚
588 2500 733 2547 ideoque
747 2502 789 2536 ab
799 2500 891 2535 omni
903 2498 969 2534 five
983 2500 1156 2545 Episcopi,
1179 2498 1246 2534 five
1260 2498 1399 2534 Parochi
1413 2497 1649 2538 jurisdictione
1664 2497 1788 2532 immu-

325 2557 401 2580 nem
418 2545 480 2580 effe
494 2548 606 2582 ,Plura
620 2549 698 2583 hinc
710 2557 947 2594 egerunt‚quae
960 2547 996 2582 in
1005 2545 1238 2583 aliisEcclestis
1251 2545 1316 2580 sine
1329 2543 1579 2591 veniaEpiscopi
1595 2542 1719 2578 affensu
1733 2544 1789 2591 agi

325 2604 396 2628 non
421 2592 574 2639 possent:
599 2594 706 2630 sacras
728 2596 878 2630 habuere
904 2595 1096 2630 Conciones
1122 2621 1132 2634 ‚
1167 2594 1410 2629 Sanctiffimum
1432 2591 1645 2626 Eucharistiae
1668 2593 1786 2626 Sacra-

325 2650 477 2674 mentum
503 2641 636 2684 publice
649 2641 859 2677 adorandum
883 2641 1108 2688 exposuerunt
1128 2666 1140 2681 ‚
1164 2642 1196 2676 &
1212 2642 1374 2675 solemnes
1387 2639 1510 2674 duxere
1524 2639 1660 2684 pompas
1673 2665 1683 2677 ‚
1709 2638 1788 2683 Epi-

324 2686 427 2732 scopo
442 2686 654 2731 irrequisito.
680 2688 946 2724 contendebant
959 2690 1061 2724 etiam
1076 2700 1141 2723 non
1165 2687 1252 2732 posse
1264 2686 1465 2736 Episcopum
1485 2687 1640 2721 electioni
1663 2685 1790 2720 Procu-

326 2734 449 2770 ratoris
463 2733 621 2770 Sodalitii
636 2734 789 2771 interesse
801 2761 813 2779 ,
837 2747 899 2772 nec
922 2737 964 2772 ab
984 2748 1026 2772 eo
1052 2735 1202 2772 rationes
1213 2733 1513 2771 administrationis
1527 2744 1640 2781 petere
1653 2761 1663 2775 ‚
1687 2742 1790 2784 atque

1668 2790 1748 2815 exi-
