1874 2961
1460 93 1481 119 2

28 127 109 214 L
124 126 292 169 YCIEN.
305 125 659 179 CANTORATUS
672 155 680 164 .
691 126 891 166 Revocatus
904 128 923 165 ὃ
939 126 1137 174 parentibus
1152 128 1193 164 ab
1208 129 1289 166 urbe
1306 129 1343 166 in
1357 93 1511 180 pati-iad]
1557 135 1681 175 Sesm4:
1691 139 1755 169 m·

135 181 226 216 suam
244 176 463 224 chuilarum
475 175 648 224 Lyciensis
662 177 815 224 Diecesis
826 177 983 212 Sacerdos
997 176 1031 211 Ν
1036 176 1167 212 icolaus
1183 178 1362 215 Antonius
1376 179 1511 215 Caroz-
1558 176 1594 205 de
1607 176 1724 215 '‘fim-

76 225 151 263 zius
164 224 315 263 Ecclesia*
333 225 515 260 servitium
542 223 690 269 praestare
705 226 810 272 coepit
827 251 837 266 ,
862 224 934 260 sive
948 251 958 266 ,
986 232 1023 259 ut
1039 250 1050 265 ‚
1076 235 1178 270 quem
1206 226 1325 261 Romae
1342 235 1489 274 caeperat
1503 253 1516 268 ,

74 275 206 311 cursum
223 279 422 322 perageret,
446 270 513 307 sive
537 271 593 318 spe
609 298 620 312 ,
645 282 683 308 ut
708 274 851 320 impleto
876 273 1028 310 triennio
1051 273 1295 308 admitteretur
1321 275 1359 308 ad
1375 273 1517 319 partici—

81 332 258 375 pationem
273 320 547 358 distributionum
569 320 666 363 iuxta
682 333 811 358 morem
824 347 834 362 ,
859 322 892 358 &
907 321 1048 367 longam
1059 320 1343 356 consuetudinem
1357 321 1514 358 Ecclefiae

78 369 202 412 iliius,
227 381 299 416 quae
332 368 508 415 receptiva
534 368 701 406 habetur.
729 370 838 406 Anno
861 367 993 404 nodum
1017 367 1188 409 transacto,
1206 368 1371 404 Sacerdos
1396 368 1516 414 Ioseph

80 417 273 454 Carozzius
302 416 407 451 libere
426 415 612 462 resignavit
640 417 789 453 officium
807 423 1009 454 Cantoratus
1023 442 1033 456 ,
1059 416 1152 461 quod
1176 416 1213 452 in
1231 415 1347 451 eadem
1367 414 1519 453 Ecclesia

81 467 222 502 tenebat
234 477 247 503 ς
274 463 454 510 Episcopus
469 462 575 510 igitur
590 464 754 501 Officium
780 464 866 501 illud
879 463 1026 500 contulit
1040 463 1215 500 Sacerdoti
1233 462 1384 499 Nicolao
1397 462 1516 498 Anto-

82 513 144 549 nio
167 512 355 548 Carozzio.
384 512 434 546 At
459 512 528 546 baec
545 511 685 547 collatio
701 515 852 557 graviter
877 513 987 547 movit
1011 512 1162 547 animum
1185 510 1335 559 plurium
1349 510 1524 546 Sacerdo-

85 568 160 597 tum
173 560 327 603 eiusdem
344 557 498 594 Ecclesiae
513 585 522 599 ,
546 560 580 594 &
601 559 665 595 hac
693 560 733 596 de
748 572 783 597 re
795 561 968 608 querelam
984 558 1228 604 proposuerunt
1239 585 1250 599 ,
1274 559 1355 594 dato
1369 557 1488 593 libello
1507 584 1519 599 ‚

82 607 311 655 Ampliffimis
327 606 506 646 Patribus,
532 607 706 652 querelam
724 619 840 645 tamen
858 607 1076 653 improbante
1088 609 1210 652 majori
1233 616 1327 654 parte
1339 604 1438 642 Cleri
1453 605 1517 641 Le-

85 655 266 701 quiiensis;
291 656 358 689 imo
371 653 546 704 postquam
563 653 632 688 sive
646 655 723 697 irae,
742 657 812 693 five
827 654 971 693 invidiae
989 654 1088 690 ardor
1105 654 1284 692 deferbuit
1299 682 1310 696 ,
1334 654 1450 702 plures
1474 665 1520 690 ex

82 703 151 744 iis,
177 703 237 749 qui
260 711 423 738 commoti
437 702 570 736 lucrant
584 727 593 740 ‚
620 701 694 737 faeti
716 705 924 752 poenitentes
944 700 995 737 sui
1019 701 1183 748 publico,
1209 702 1522 746 solemniqueactu

78 750 279 787 facultatem
306 748 523 784 procuratori
557 747 714 791 iudiciali
742 754 859 790 datam
883 751 922 786 ad
946 748 1045 785 litem
1073 752 1238 796 agendam
1262 749 1487 786 retradarunt
1505 775 1521 790 ,

79 798 157 833 aliis
174 806 294 833 contra
315 795 352 831 in
366 797 485 831 eadem
498 795 670 834 sententia
685 800 935 846 persistentibus
949 819 958 830 ·
989 798 1122 833 Horum
1146 799 1262 845 itaque
1275 796 1414 835 nomine
1425 808 1519 844 quae-

77 844 145 880 stio
162 844 277 891 agitur
292 844 332 878 de
347 843 410 880 hac
427 842 620 879 collatione
637 870 647 883 ‚
670 850 859 896 auditoque
877 849 945 891 iarn
959 844 1128 893 Episcopo
1143 845 1302 893 Lyciensi
1316 871 1327 885 ,
1352 843 1524 879 Eminen-

79 893 213 928 tifflmis
226 890 383 927 Patribus
409 901 499 927 minc
511 893 714 937 proponitur
728 895 922 933 definienda
937 921 945 930 .

33 941 191 980 Intentio
215 938 491 975 diffemientium
514 938 560 974 est
586 939 622 974 in
641 945 838 980 conditione
853 969 864 984 ,
889 942 921 977 ἃ
941 948 1060 975 natura
1077 939 1254 980 Ecclefiae,
1279 949 1381 985 quam
1396 937 1525 974 dicunt

86 988 318 1035 Receptivam
332 1012 343 1026 ‚
366 986 608 1032 disputantque
620 990 670 1024 ob
691 990 725 1025 id
737 993 778 1026 ad
791 992 866 1034 ejus
881 988 1009 1026 Officia
1022 988 1201 1034 eligendos
1223 986 1289 1023 efl'e
1300 986 1520 1023 Sacerdotum

78 1035 246 1083 suffragiis
271 1045 355 1074 eos,
382 1032 443 1079 qui
464 1035 576 1080 magis
600 1035 713 1072 idonei
730 1066 739 1079 ,
764 1040 797 1075 &
822 1038 920 1085 digni
944 1035 1070 1072 fuerint
1090 1036 1259 1081 reputati.
1290 1036 1386 1070 Hanc
1401 1042 1525 1069 tamen

75 1084 286 1128 receptivam
304 1079 467 1133 ‘Ecclefiae
493 1080 716 1127 Lequilarum
741 1095 896 1123 naturam
913 1112 922 1124 ,
946 1085 978 1118 ὃ(
1009 1083 1210 1129 qualitatem
1234 1084 1323 1130 quod
1344 1081 1519 1128 Dignita-

75 1140 130 1167 τες
150 1132 182 1166 &
208 1129 336 1165 Offic1²
352 1128 455 1164 valde
469 1128 606 1164 dubiam
619 1158 629 1171 ‚
654 1133 688 1168 ὅ(
712 1134 875 1170 incertam
901 1131 1033 1169 faciunt
1047 1156 1058 1170 ,
1082 1139 1122 1166 ut
1148 1129 1280 1167 differit
1298 1128 1518 1168 Carozzius,

79 1180 178 1218 duae,
202 1177 261 1213 vel
290 1187 360 1214 tres
380 1176 550 1222 postremae
562 1176 784 1218 Collationes
809 1182 902 1218 faciae
925 1181 966 1215 ab
994 1177 1159 1224 Episcopo
1175 1177 1330 1224 Lyciensi
1359 1177 1436 1221 iure
1453 1174 1517 1211 suo

76 1224 280 1264 ordinario.
305 1224 384 1259 Nec
406 1222 527 1258 mirum
550 1222 615 1258 effe
636 1227 761 1265 debere
785 1228 967 1264 Ecclesiam
991 1224 1078 1261 hane
1102 1224 1341 1272 Lequilensem
1365 1222 1518 1269 recepti-

77 1284 158 1309 vam
194 1271 310 1308 uidem
332 1268 397 1321 esse
409 1269 525 1315 quoad
541 1272 737 1312 Sacerdotes
753 1274 1014 1313 Patrimoniales
1028 1298 1039 1311 ,
1065 1273 1096 1307 δι
1114 1272 1316 1319 Dignitates
1337 1299 1348 1312 ,
1373 1283 1413 1307 ac
1429 1269 1517 1306 Offi-

75 1322 129 1358 cia
143 1286 192 1355 ad¹
203 1318 364 1367 Episcopi
377 1317 602 1369 collationem
615 1331 687 1366 pert
695 1324 786 1359 inere
797 1351 808 1364 ,
834 1334 911 1360 cum
932 1321 964 1356 id
980 1320 1014 1354 iri
1029 1318 1107 1354 aliis
1120 1318 1409 1366 Ecclefiiszegni
1422 1317 1527 1353 Nea-⁷

75 1367 221 1416 politani
238 1365 417 1403 observari
442 1364 717 1404 testificationem
738 1370 842 1406 faciat
858 1371 956 1405 ozrd.
979 1369 1018 1403 de
1034 1372 1123 1402 Luca
1144 1368 1183 1403 de
1200 1369 1349 1404 canonic.
1367 1366 1446 1409 difi-
1460 1366 1517 1401 18.

11 1454 13 1456 ,
82 1427 95 1452 ι
101 1427 134 1459 9.
151 1427 205 1451 20.
223 1419 267 1452 &¹
282 1424 339 1448 21.
353 1437 364 1451 ‚
389 1420 491 1458 atque
505 1413 570 1449 hac
585 1416 724 1453 ratione
739 1430 809 1453 non
822 1414 914 1465 poss'e
929 1413 1133 1459 Episcopum
1145 1412 1351 1460 Lyciensem
1372 1411 1476 1456 dejici
1493 1422 1516 1447 e

77 1462 271 1510 poffeffione
293 1487 304 1501 ³
329 1459 366 1495 in
385 1470 453 1505 qua
479 1458 549 1501 est,
575 1462 776 1500 conferendi
796 1494 805 1502 .
833 1464 1025 1510 Disputant
1049 1461 1155 1496 etiam
1181 1459 1432 1497 Diffentientes
1453 1459 1515 1494 Sa-

75 1512 232 1548 cerdotes
245 1507 377 1543 necesse
391 1504 456 1542 effe
469 1533 481 1547 ,
507 1516 549 1543 ut·
560 1510 734 1548 indicati-rr
746 1510 941 1548 Concursus
953 1535 963 1549 ,
988 1507 1046 1556 qui
1063 1519 1080 1542 a
1094 1507 1311 1543 Tridentino
1325 1506 1526 1551 requiritur-

77 1560 111 1596 in
125 1555 389 1594 parochialibus
413 1554 590 1596 Ecclefiis3
614 1558 667 1593 sed
693 1558 764 1605 ipsa
777 1556 984 1594 Tridentini
1005 1554 1182 1601 dispositio
1204 1566 1261 1589 eos
1279 1554 1437 1598 repellit,
1462 1555 1526 1589 ait’

78 1605 269 1642 Carozzius
283 1630 291 1642 ‚
318 1614 392 1648 quae
410 1602 474 1637 hoc
486 1602 641 1640 decernit
667 1606 707 1641 de
731 1607 807 1642 solis
823 1603 994 1642 parochiis
1007 1627 1018 1641 ,
1044 1603 1075 1638 &
1091 1601 1360 1647 Dignitatibus,
1387 1601 1524 1648 quibus-

76 1666 162 1691 onus
188 1651 348 1687 imminet
367 1675 377 1688 ‚
403 1650 435 1684 &
451 1661 528 1685 cura
544 1652 735 1688 animarum
750 1679 760 1692 ,
784 1664 846 1688 nec
860 1660 993 1689 veteres
1006 1649 1184 1689 Canones,
1207 1657 1268 1684 aut
1289 1647 1523 1686 consuetudi-r

78 1714 135 1738 nes
151 1708 263 1735 mutat
276 1700 310 1734 in
325 1695 461 1733 Officiis
475 1724 485 1737 ,
511 1698 543 1733 δι
561 1698 800 1746 Dignitatibus
817 1700 937 1736 liberis
955 1726 963 1734 .
1457 1710 1462 1711 ⁷

31 1750 164 1788 Sunt&
177 1747 244 1782 alia
257 1759 273 1785 ς
293 1757 366 1792 quae
386 1745 555 1781 hincinde
577 1746 800 1793 disputantur
815 1775 824 1788 ,
851 1756 989 1794 quaeque
1013 1743 1147 1790 plenius
1168 1742 1324 1789 cognosci
1348 1749 1518 1789 poterunt

78 1798 123 1834 ab
135 1793 365 1840 Amplisl'tmis
391 1790 546 1828 Patribus
571 1805 614 1830 ex
629 1794 781 1830 partium
806 1794 955 1832 libellis,
980 1792 1104 1837 quibus
1123 1790 1280 1826 omnibus
1302 1789 1521 1838 ρεπΐριτιῖὲίς.ἶ

78 1852 249 1892 quatuor,
275 1852 348 1887 quae
376 1838 583 1884 sequuntur,
608 1842 728 1877 Dubia
751 1840 958 1888 expedienda
985 1840 1082 1874 sunt.

31 1895 59 1930 1.
93 1894 151 1928 An
173 1889 293 1972 elegio
316 1886 507 1924 Sacerdotis
529 1888 694 1925 Carozzii
717 1889 759 1924 ad
783 1888 936 1926 officium
950 1886 1159 1922 Cantoratus
1172 1883 1258 1921 facta
1277 1885 1319 1921 ab
1339 1883 1512 1933 Episcopo

172 1939 233 1974 sub
263 1937 424 1972 ineatur.
931 1957 935 1961 -

31 1987 83 2025 11.
108 1987 166 2023 An
177 1986 305 2021 dietum
316 1982 480 2019 Officium
495 1983 530 2019 in
544 1982 695 2020 Ecclesia
708 1980 926 2030 Lequilarum
949 1980 1049 2028 pofflt
1066 1978 1253 2026 refignari3
1276 1983 1320 2018 Θ
1335 1987 1509 2027 quatenus

174 2047 213 2070 ne
239 2034 340 2067 ative
363 2058 372 2067 .

33 2082 99 2119 ΙΙΙ.
125 2082 184 2117 An
200 2043 332 2115 dgictum
344 2076 509 2113 Officium
527 2077 649 2114 debeat
664 2077 818 2126 affignari
843 2087 902 2124 per
914 2073 1115 2113 concursum
1127 2100 1138 2115 ‚
1162 2073 1219 2109 seu
1233 2072 1349 2122 potius
1364 2071 1509 2110 arbitrio

174 2123 354 2171 Ordinarri
367 2149 388 2206 :l
405 2129 449 2161 Θ
463 2135 634 2173 quatenus
651 2127 855 2172 affirmative
868 2127 979 2173 quoad
984 2128 1137 2171 primam
1144 2130 1284 2171 partem
1297 2147 1309 2162 ,
1337 2126 1384 2161 &¹
1395 2133 1508 2168 nega·

174 2177 252 2211 ce've
301 2184 364 2208 uoa
424 2174 584 2208 ecundam
596 2197 606 2207 .

33 2224 97 2262 IV.
124 2225 183 2261 An
210 2221 251 2256 ad
264 2172 480 2301 goncufssum
502 2219 601 2266 poffit*
614 2219 775 2262 admitti,
801 2218 861 2270 qui
889 2230 958 2255 non
981 2215 1172 2264 expleverit
1184 2215 1374 2253 Triennale
1402 2213 1508 2252 servi-

173 2269 264 2306 tium
288 2268 324 2302 in
345 2278 384 2302 ca
400 2277 421 2302 u
433 2268 500 2303 &c-

37 2411 247 2497 LARIN
252 2409 332 2446 EN.
354 2409 530 2457 Postquam
543 2410 577 2446 in
590 2409 728 2457 Oppido
742 2409 860 2446 Collis
869 2407 976 2444 Torti
992 2407 1185 2443 extructum
1196 2403 1263 2457 fuit
1277 2414 1400 2457 magno
1417 2401 1505 2440 ffim-
1579 2416 1700 2464 ’,βψ
1712 2423 1750 2453 3,

146 2468 206 2505 ptu
222 2457 435 2506 splendidum
449 2457 697 2494 Monasterium
711 2456 948 2493 sollicitudine
962 2454 1156 2489 Larinenfis
1172 2451 1328 2500 Episcopi
1343 2478 1354 2492 ‚
1378 2462 1413 2487 in
1435 2463 1502 2487 cu-
1541 2459 1750 2492 fnvocmm&

85 2507 138 2551 jus
154 2504 305 2542 Dioecesi
333 2504 508 2552 Oppidum
533 2504 623 2539 illud
653 2505 751 2540 situm
767 2505 835 2544 est,
860 2501 1017 2548 impensis
1032 2499 1243 2536 Marchionis
1265 2499 1355 2535 Rota
1370 2498 1503 2547 Oppidi
1541 2499 1628 2540 reliq.
1653 2501 1749 2530 Sane?-

86 2552 234 2588 Domini
250 2578 261 2592 ,
284 2553 317 2587 δι
331 2551 513 2587 donatione
527 2550 611 2588 facia
627 2564 645 2586 a
656 2552 764 2587 Clero
779 2550 930 2587 saeculari
955 2549 1053 2596 parui
1064 2547 1267 2583 Conventus
1279 2546 1426 2583 Ordinis
1437 2573 1447 2587 ,
1471 2547 1503 2582 δι
1542 2545 1574 2570 Ψ
1588 2544 1623 2574 de
1635 2550 1695 2582 “8-
1715 2549 1742 2571 ⁶·

87 2599 206 2635 Tituli
234 2597 394 2635 S.Mariae
415 2600 456 2635 de
471 2599 595 2634 Monte
617 2598 781 2635 carmelo
807 2610 885 2634 cum
900 2595 1045 2632 Ecclesia
1060 2621 1071 2635 ,
1095 2594 1205 2631 hortis
1220 2621 1230 2634 ,
1252 2594 1392 2641 aliisque
1411 2594 1507 2637 adja-
1539 2588 1583 2619 ¹⁵·

87 2647 242 2684 centibus
254 2672 266 2689 ,
288 2646 347 2691 qui
372 2647 594 2694 cognitissima
610 2643 864 2683 Constitutione
881 2641 1075 2681 innocentii
1092 2642 1142 2678 X.
1164 2640 1340 2678 Pontificis
1356 2641 1505 2677 Maximi

90 2692 276 2744 suppressus
298 2692 434 2735 fuerat,
455 2694 490 2731 &
507 2693 615 2731 Clero
639 2694 814 2735 donatus,
839 2692 1006 2730 traditum
1031 2690 1099 2727 fuit
1124 2691 1212 2727 idem
1225 2688 1506 2728 monasterium„

1418 2745 1513 2772 anno
