1883 2907
379 94 485 123 moi-te
510 82 704 118 dissolutum
727 79 822 124 fuit)
847 78 899 115 sed
924 79 964 114 de
997 80 1113 116 effectu
1139 80 1384 123 Matrimonii,
1409 82 1555 131 ideoque
1577 82 1647 122 five
1667 95 1722 124 res
1760 88 1802 125 fit

376 147 433 179 pro
448 131 618 166 alimentis
634 155 642 167 ‚
668 126 735 162 sive
756 139 814 172 pro
831 128 1030 163 succellione
1046 155 1056 168 ,
1083 128 1356 174 respondendum
1372 129 1499 176 semper
1522 131 1568 166 est
1582 132 1700 168 favore
1714 135 1798 171 Ma-

376 178 551 217 trimonii,
577 175 666 222 quod
679 175 823 220 eousque
844 186 964 210 verum
989 174 1057 215 est,
1084 186 1121 210 ut
1146 176 1257 211 locum
1285 177 1406 211 habeat
1424 204 1434 216 ‚
1459 179 1591 215 etiamsi
1610 180 1799 218 Matrimo-

374 226 466 261 nium
487 238 552 261 non
567 223 666 259 suerit
683 223 837 268 legitime
856 222 1066 257 celebratum
1090 225 1129 258 ad
1147 224 1487 272 textumpexpressum
1512 229 1547 261 in
1575 236 1648 274 cap.
1672 232 1796 277 perlit-¹

373 284 444 308 tum
458 298 468 308 .
492 277 562 321 ,Qui
573 272 643 312 filii
653 270 719 313 sint
736 271 836 316 legit.
856 270 912 310 Jus
928 271 1019 304 enim
1041 270 1189 306 nostrum
1206 283 1271 305 non
1289 272 1425 318 'patitur
1439 297 1449 311 ‚
1471 283 1509 309 ut
1522 271 1591 308 -filii‘
1615 301 1624 314 ‚
1650 286 1799 321 quorum

373 320 465 354 nulla
485 320 551 356 fuit
573 317 672 361 culpa
699 344 709 357 ,
734 317 937 351 detrimento
963 316 1154 351 afficiantur
1180 345 1189 358 ‚
1217 317 1380 353 dissoluto
1404 320 1656 363 Matrimonio,
1678 322 1748 361 sive
1770 324 1796 359 ii

373 368 444 402 nati
464 367 567 402 essent
582 393 590 404 ,
617 364 684 399 sive
700 364 802 398 ctiam
816 365 989 398 dumtaxat
1012 363 1174 411 concepti
1190 375 1267 400 ante
1281 365 1495 403 Matrimonii
1520 367 1770 407 diss'olutionem
1783 397 1798 416 ,

375 413 426 449 scd
444 413 591 460 reputari
616 410 738 446 deberit
773 409 949 456 legitimi,
974 411 1005 445 &
1028 411 1077 453 jus
1099 411 1172 447 illis
1194 412 1239 447 est
1255 440 1264 452 ,
1291 423 1329 448 ut
1351 413 1483 450 interea
1511 428 1553 452 ex
1577 416 1793 461 Parentunu,

375 459 477 497 Bonis
503 462 636 497 alantur
659 458 755 499 iuxta
780 469 918 492 aureum
944 459 1139 494 Alexandri
1171 459 1370 507 rescriptum
1410 466 1444 498 in
1469 472 1543 510 cap.
1568 476 1642 500 cum
1669 464 1793 506 inter2

375 509 529 557 Quifi'lii
544 507 610 550 sint
634 508 734 551 legit.

325 557 431 605 Qud
455 556 475 590 li
494 556 562 590 liaec
577 555 690 588 locum
709 552 858 591 liabent,
879 552 937 587 ubi
959 554 998 587 de
1014 553 1231 591 Matrimonii
1254 555 1434 591 validitate
1450 583 1459 596 ‚
1487 566 1633 604 utroque
1650 560 1795 604 Coniu-

370 615 410 649 ge
438 603 602 641 vivente,
627 599 781 636 dubitari
807 600 988 645 contingat
1014 601 1142 637 etiamsi
1167 603 1282 650 postea
1309 605 1570 640 matrimonium
1612 605 1794 649 solvatur,

374 653 475 695 longe
495 649 627 696 potiori
651 648 727 688 Jure
751 649 861 682 locum
886 649 1040 687 habent,
1064 649 1124 684 ubi
1147 650 1243 684 nulla
1274 651 1435 696 quaestio,
1462 652 1596 687 nullum
1623 653 1793 692 dissidium

370 706 526 731 exortum
551 696 596 731 est
610 722 618 735 ‚
645 694 736 730 vivis
763 696 977 741 Conjugibus
998 721 1008 734 ‚
1028 696 1060 731 &
1082 695 1189 732 solum
1210 697 1279 743 post
1299 709 1417 734 eorum
1441 708 1582 734 mortem
1609 701 1644 735 in
1674 703 1792 738 discri-

368 755 444 778 men
465 754 669 783 revocatur,
698 753 740 777 an
769 743 923 788 legitima
940 743 1079 780 Soboles
1096 744 1158 786 sit,
1185 745 1248 780 hoc
1275 743 1365 780 enim
1391 746 1468 781 casu
1494 746 1684 793 legitimam
1704 761 1794 797 pro-

368 791 524 826 nunciari
544 792 642 826 debet
669 788 786 825 statuit
806 789 1014 826 Coelestinus
1038 795 1073 827 in
1092 801 1166 840 cap.
1181 795 1348 838 pervenit
1362 818 1372 827 .
1397 797 1470 841 ,Qui
1488 793 1560 835 filii
1571 795 1641 838 sint
1661 799 1764 841 legit.
1779 812 1791 833 a

368 837 580 886 Nullamque
604 838 676 872 vim
701 836 812 873 facere
839 838 947 873 debet
970 836 1115 873 defeetus
1135 839 1373 884 publicationis
1406 840 1584 877 sententiae
1610 868 1621 881 ‚
1657 835 1790 881 milla-..
1836 882 1839 883 ⁷

366 886 456 921 enim
478 886 544 922 fuit
557 888 754 931 Coniugum
781 886 907 930 culpa,
931 885 1019 929 quod
1042 883 1102 919 illa
1121 885 1296 932 publicata
1325 898 1396 922 non
1421 886 1548 928 fuerit,
1575 889 1720 937 satisque
1741 893 1788 928 est

367 933 544 968 isabellam
564 934 658 969 fuisse
675 933 711 966 in
736 933 798 969 hac
814 934 903 967 bona
935 931 1030 971 fide,
1055 932 1087 966 &
1115 931 1242 977 putasse
1268 944 1342 968 eam
1364 933 1458 970 fuiffe
1489 936 1720 981 publicatam,
1747 949 1787 975 ut

366 980 411 1015 est
436 991 529 1021 text,
545 991 678 1029 apertus
703 983 738 1016 in
762 990 835 1028 cap.
863 992 909 1017 ex
935 984 1059 1016 Tenore
1083 980 1198 1027 ibique
1216 980 1325 1028 gloffa
1348 981 1524 1032 singularis
1548 985 1647 1021 verb.
1666 988 1787 1034 legiti-

367 1040 454 1064 msrm
471 1053 478 1062 -
506 1034 578 1077 Qsi
596 1029 667 1071 filii
679 1027 746 1070 fint
772 1030 870 1075 legit.

319 1075 436 1121 Atque
453 1077 523 1112 haec
546 1074 689 1122 longiori
714 1076 845 1110 calamo
867 1073 996 1110 referre
1011 1086 1093 1119 opus
1111 1074 1176 1110 suit
1189 1101 1198 1115 ,
1222 1084 1261 1112 ut
1276 1076 1482 1120 Ampliffimi
1497 1078 1614 1114 Patres
1641 1082 1781 1124 scirent,

365 1123 443 1168 quid
463 1123 497 1158 iri
511 1125 580 1160 haec
593 1122 702 1159 Causa
718 1121 799 1157 effet
814 1149 822 1164 ‚
846 1134 924 1157 riam
937 1121 1152 1161 Christianus
1173 1122 1341 1170 Augustus
1367 1136 1405 1158 ea
1422 1126 1588 1170 premitur
1612 1129 1780 1173 egestate,

366 1178 406 1204 ut
428 1181 569 1218 nequeat
595 1172 729 1213 Jurium
749 1175 882 1206 suorum
902 1168 1059 1205 libellum
1082 1170 1355 1206 Eminentissimis
1369 1171 1526 1208 Pati-ibus
1552 1174 1754 1212 distribuere
1773 1192 1784 1213 ι

366 1216 542 1260 Dubium,
563 1221 651 1266 quod
675 1219 710 1253 in
731 1217 840 1252 Causa
864 1217 1070 1263 proponitur
1085 1243 1095 1256 ‚
1121 1217 1187 1252 est.

319 1270 378 1300 An
402 1270 559 1314 reputari
581 1265 702 1303 debeat
724 1265 835 1312 quoad
859 1278 970 1301 omnes
993 1267 1099 1309 *Juris
1121 1265 1257 1310 effeblus
1282 1266 1442 1313 legitima
1469 1269 1596 1305 'Proles
1621 1271 1780 1320 suscepta

364 1323 409 1347 ex
424 1316 641 1351 matrimonio
660 1312 832 1348 celebrato
853 1312 895 1347 ab
920 1311 1062 1353 Islzbellae
1086 1314 1124 1347 de
1151 1315 1287 1349 Merode
1308 1326 1370 1350 non
1401 1314 1550 1355 obstante
1576 1317 1695 1365 afferto
1720 1322 1781 1357 de-

357 1361 450 1404 [εὲἶιι
467 1362 717 1411 publicationis
742 1361 920 1404 Sententia?
945 1359 1131 1407 lataefiaeper
1145 1361 1308 1398 nullitate
1322 1363 1425 1406 Profe
1448 1364 1534 1398 zonis
1559 1365 1594 1399 in
1613 1367 1689 1412 casu
1703 1371 1779 1405 &a

74 1490 277 1560 {⁶ffie²¹·⁶·⁴·
410 1507 633 1544 AMOREN.
658 1507 890 1544 UNJONIS:
913 1505 1188 1543 Saneimoniaies
1222 1506 1428 1544 Monasterii
1458 1510 1490 1543 s.
1517 1506 1688 1544 francisci
1716 1509 1780 1544 Ci-

94 1534 174 1571 urst
422 1557 540 1591 vitatis
554 1556 755 1591 Zamorensis
774 1556 930 1591 libellum
944 1554 1144 1590 obtulerunt
1160 1555 1366 1590 Sanetiilimo
1385 1555 1535 1599 Principi
1551 1556 1660 1591 nostro
1675 1584 1683 1596 ,
1708 1568 1778 1603 quo

360 1605 528 1647 petebant
539 1604 697 1638 unionem
713 1602 874 1649 simplicis
890 1600 1051 1638 Beneficii
1068 1604 1100 1637 S.
1111 1602 1203 1637 Petri
1223 1603 1281 1638 del
1304 1602 1406 1647 Royo
1432 1603 1471 1638 de
1484 1604 1624 1647 Copean
1639 1630 1651 1644 ,
1678 1604 1778 1646 cujus

358 1650 397 1684 ad
424 1649 507 1696 ipsas
532 1650 650 1690 spec‘tat
665 1649 914 1694 Juspatronatus
938 1677 948 1690 ,
988 1659 1025 1684 ut
1052 1662 1094 1684 ex
1119 1648 1212 1685 illius'
1239 1650 1370 1685 redditu
1398 1650 1617 1692 deficientem
1637 1649 1696 1686 sibi
1722 1651 1776 1686 vi-

357 1700 445 1732 cium
460 1707 617 1738 pararent
631 1724 640 1738 ‚
666 1697 698 1731 ὅτ
714 1697 857 1732 labentis
873 1696 1025 1733 Ecclesiae
1041 1706 1233 1741 repararent
1248 1698 1360 1732 ruinas
1379 1724 1385 1730 .
1416 1700 1509 1733 Data
1535 1697 1598 1733 fuit
1615 1697 1774 1744 Amplis-

358 1743 446 1779 simis
460 1745 616 1780 Patribus
629 1744 863 1790 postulationis
879 1745 974 1787 liuius
986 1745 1141 1789 cognitio
1157 1769 1167 1783 ,
1191 1756 1210 1779 a
1225 1743 1345 1789 quibus
1361 1745 1499 1781 auditus
1524 1746 1590 1782 fuit
1603 1770 1615 1784 ,
1636 1755 1680 1780 *ut
1700 1744 1775 1781 fieri

360 1790 443 1825 solet
467 1791 647 1839 Episcopus
671 1806 679 1825 ε
705 1791 846 1827 Retulit
874 1794 930 1828 hic
953 1802 1029 1826 vera
1052 1801 1186 1826 narrata
1212 1790 1307 1826 fuisse
1323 1818 1332 1832 ‚
1358 1804 1419 1828 nec
1448 1793 1601 1830 sufficere
1623 1792 1778 1827 reddztus

359 1837 560 1873 Monasterii
575 1866 584 1877 ‚
609 1850 646 1874 ut
664 1840 695 1874 se
712 1840 796 1884 ipsas
809 1840 898 1877 alere
919 1840 1058 1885 poslint5
1085 1837 1266 1874 Ecclesiam
1291 1840 1457 1876 vetustate
1484 1841 1640 1876 fatiscere
1663 1866 1672 1878 ,
1693 1839 1777 1875 nul-
1825 1863 1828 1865 Δ

359 1885 497 1932 lumque
511 1886 723 1921 Monialibus
739 1889 875 1922 moduni
889 1889 1066 1931 suppetere
1081 1911 1089 1924 2
1116 1898 1182 1929 QUO
1205 1886 1236 1920 &
1260 1886 1397 1933 egestati
1418 1888 1619 1924 consulam,
1644 1888 1675 1921 8(
1702 1886 1776 1922 sui·

359 1942 408 1965 nae
430 1932 640 1967 imminenti.
667 1932 800 1968 Placuit
825 1932 1052 1976 Amplissimis
1065 1933 1218 1966 Patribus
1246 1934 1367 1968 iterum
1392 1934 1557 1970 sciscitare
1575 1934 1616 1968 ab
1630 1933 1773 1978 Episco-

358 1989 403 2022 po
422 1987 552 2023 tempus
573 1979 781 2015 fundationis
808 1978 1005 2016 Monasterii
1030 2004 1039 2017 ,
1065 1990 1239 2014 numerum
1262 1980 1454 2024 puellarum
1479 1993 1519 2016 ex
1550 1983 1624 2030 lege
1650 1980 1774 2016 funda-

359 2022 466 2059 tionis
479 2025 672 2062 alendarum
686 2054 696 2066 ,
722 2028 883 2064 suminam
896 2056 905 2068 ,
932 2027 973 2061 ab
986 2026 1103 2060 iisdem
1118 2026 1225 2062 titulo
1236 2026 1327 2062 dotis
1343 2028 1559 2072 praestandam
1576 2053 1584 2067 ‚
1609 2040 1683 2075 quae
1707 2027 1775 2063 bo-

359 2081 404 2104 na
422 2072 605 2108 immobilia
627 2074 818 2121 possideant
833 2103 842 2115 ‚
865 2077 894 2111 &
920 2074 1004 2110 alias
1028 2072 1106 2107 facti
1121 2073 1386 2109 circumstantias
1413 2075 1448 2110 in
1461 2077 1568 2121 prima
1590 2074 1775 2121 Epistola,

361 2117 516 2157 omissas,
538 2119 726 2165 Respondit
744 2122 929 2168 Episcopus
959 2131 1086 2155 annuos
1100 2120 1295 2156 Monasserii
1321 2123 1465 2158 redditus
1486 2135 1553 2158 non
1575 2122 1772 2158 excedere-a

362 2165 525 2199 summam
548 2166 742 2203 ducatorum
770 2171 839 2204 auri
860 2175 936 2205 282.
957 2180 1029 2214 quae
1046 2167 1209 2204 Romanae
1228 2178 1374 2204 monetae
1398 2169 1526 2204 faciunt
1548 2171 1591 2205 sc.
1612 2179 1692 2213 403.
1719 2178 1774 2208 50.

362 2212 406 2245 ali
420 2214 540 2247 debere
555 2213 727 2250 Moniales
746 2226 795 2256 33.
812 2218 840 2250 &
858 2229 898 2252 ex
916 2216 965 2250 his
980 2224 1126 2260 quatuor
1149 2216 1375 2251 admittendas
1398 2215 1461 2250 effe
1482 2215 1551 2251 fine
1571 2214 1641 2251 ulla
1669 2215 1746 2249 dote
1762 2241 1773 2254 ,

362 2269 424 2292 nec
445 2259 558 2303 plures
576 2258 641 2294 esse
654 2271 731 2300 eas,
753 2274 823 2308 quae
840 2274 930 2298 nunc
949 2262 985 2297 in
1004 2261 1213 2297 Monasterio
1238 2262 1312 2296 sunt
1328 2287 1338 2301 ,
1363 2274 1464 2308 quam
1478 2273 1532 2308 25¹.
1546 2292 1556 2304 ‚
1586 2263 1772 2296 imminuto

362 2305 516 2350 egestatis
529 2306 625 2341 causa
647 2319 760 2342 earum
775 2320 917 2344 numero
931 2336 940 2348 ‚
967 2320 1029 2344 nec
1044 2308 1300 2354 suppetentibus
1325 2308 1369 2343 ad
1383 2321 1437 2343 eas
1454 2310 1591 2345 alendas
1613 2309 1674 2343 nisi
1688 2310 1770 2344 obu-

362 2351 404 2384 lis
428 2351 480 2387 sex
496 2380 506 2392 ‚
530 2363 615 2399 quot
637 2354 695 2389 vix
713 2354 791 2390 satis
815 2355 888 2390 sunt
914 2357 954 2391 ad
978 2367 1097 2401 panem
1122 2381 1132 2394 ,
1158 2356 1338 2400 vinumque
1365 2383 1373 2396 ,
1404 2356 1455 2391 sed
1482 2368 1524 2391 ne
1552 2357 1610 2392 vix
1638 2356 1774 2401 quidem
1814 2373 1818 2380 ¹

361 2396 527 2433 sufficiunt
542 2426 550 2437 ,
578 2399 600 2434 fi
619 2402 827 2437 deducantur
843 2403 918 2438 aliae
935 2402 1093 2447 impensae
1107 2401 1234 2436 Medici
1250 2427 1261 2440 ‚
1286 2401 1450 2449 Chirurgi
1466 2430 1475 2443 ‚
1495 2404 1770 2442 pharmacorum,

361 2443 394 2476 δι
418 2443 547 2480 sei-vitii
563 2447 739 2489 Ecdeme,
763 2449 921 2489 demum,
947 2447 969 2483 si
992 2449 1078 2484 ratio
1099 2448 1265 2483 habeatur
1289 2449 1482 2489 usurarum,
1507 2463 1578 2497 quae
1603 2450 1689 2486 solvi
1721 2452 1776 2485 de-

361 2489 442 2539 pent
456 2502 496 2525 ex
513 2494 609 2528 causa
625 2494 699 2529 :cris
716 2496 819 2530 alieni
843 2509 860 2531 a
882 2495 1090 2531 Monasterio
1104 2496 1265 2530 contracti
1284 2495 1318 2530 in
1348 2509 1458 2532 annua
1475 2497 1600 2533 summa
1629 2498 1672 2533 sc.
1689 2508 1743 2540 93.
1762 2510 1772 2530 ε

362 2535 505 2579 ideoque
527 2548 620 2581 putat
642 2544 799 2577 unionem
826 2543 1061 2590 indulgendam
1095 2542 1159 2577 esse
1184 2557 1191 2576 ε
1222 2543 1396 2578 Moniales
1422 2543 1526 2590 igitur
1553 2544 1611 2580 sibi
1635 2544 1774 2589 suadem

364 2581 502 2617 Sacrum
523 2585 611 2621 hunc
624 2588 778 2624 Senatum
799 2601 866 2627 non
886 2589 1100 2626 discessurum
1128 2592 1169 2627 ab
1181 2590 1335 2637 Episcopi
1359 2591 1552 2628 Sententia:
1579 2591 1749 2628 Rationes
1763 2616 1773 2629 ‚

1645 2639 1768 2688 quibus
