1874 2961
78 108 141 143 lius
156 104 308 140 libellum
322 101 450 139 obtulit
463 98 602 135 Summo
617 100 773 138 Pontifici
790 129 800 142 .
824 115 889 149 quo
900 102 1085 149 postulavit
1099 105 1244 151 gratiam
1272 108 1440 146 retinendi
1455 73 1548 155 Cap13

78 153 257 201 pellaniam
276 177 286 190 ,
312 150 344 185 &
362 148 635 183 canonicatum:
662 150 903 187 postulationis
918 153 1017 194 hujus
1030 154 1180 199 cognitio
1193 154 1269 190 data
1283 155 1348 191 suit
1371 156 1547 204 Amplisli-

80 201 145 236 mis
161 196 314 233 Patribus
330 210 340 236 ;
362 195 464 247 Mem.
479 194 666 231 'I'cstatoris
687 197 809 244 colligi
833 200 938 245 potest
955 200 1082 234 duobus
1109 199 1322 237 Testamenti
1339 205 1423 240 locis
1437 232 1448 245 ,
1473 217 1546 252 quat

79 258 143 283 nos
168 244 225 280 hic
252 246 390 280 damus:
417 243 481 278 Ait
506 242 568 277 ille
590 263 624 270 --
650 245 723 278 Sara
738 254 858 280 tenuto
885 246 983 282 detto
995 246 1177 282 Sacerdote
1201 250 1287 284 della
1303 250 1471 298 famiglia
1492 263 1548 287 ce-

33 303 61 343 3,
84 294 192 331 lebrar
215 291 301 327 sette
314 289 418 326 Messe
440 290 470 323 la
485 291 660 325 settimana
675 318 683 330 ,
711 304 773 326 una
790 293 950 340 ilgiorno
963 305 1059 330 come
1083 293 1178 340 sopra
1191 295 1331 331 secondo
1347 298 1379 333 la
1407 298 1548 346 dispost-

35 371 60 387 ,‚
84 341 183 385 zione
209 339 286 374 did.
305 338 489 389 Testatore
505 338 558 372 nel
580 338 744 384 preferito
757 342 878 375 Altare
897 342 929 376 di
945 343 1010 376 San
1023 340 1176 376 Michele
1202 358 1238 369 ——
1263 350 1305 378 Et
1327 347 1432 391 paulo
1460 346 1547 389 infc-

33 418 59 435 ,‚
83 392 156 425 rius
170 403 209 414 --
237 386 315 421 Con
337 386 540 420 condizione
555 411 565 424 ‚
590 397 608 420 c
625 387 893 427 dichiarazione,
919 389 982 424 che
997 390 1185 424 accadendo
1211 390 1281 425 alle
1305 392 1398 426 volte
1416 418 1426 432 ,
1450 393 1548 430 che,

34 463 59 480 „
84 436 108 472 il
133 437 165 470 d.
181 435 359 468 Sacerdote
383 431 420 466 di
445 430 637 478 samigliadi
654 433 827 470 Fraticelli
847 462 857 475 ,
884 447 902 470 a
930 436 985 471 cui
1014 436 1158 481 spettera
1186 437 1218 472 la
1242 436 1486 474 Celebrazione
1512 440 1546 473 di

31 511 56 527 „
79 483 163 520 sette
176 481 282 516 Metse
297 480 327 515 la
353 479 550 519 settimana,
571 491 638 515 non
666 482 786 526 potesse
811 483 1046 518 luieelebrare
1069 483 1101 517 in
1117 485 1146 518 d.
1165 484 1286 519 Altare
1313 485 1350 520 di
1379 487 1442 521 San
1467 485 1546 520 Mi-

31 560 58 576 „
81 530 179 566 chele
201 527 296 562 dette
312 527 419 562 Meffe
441 537 499 571 per
511 528 702 574 qualunque
716 529 977 575 impedimento,
1000 531 1062 564 che
1086 529 1164 565 sosse
1177 532 1283 568 anche
1300 532 1427 578 legiero
1443 560 1453 574 ,
1479 543 1499 566 0
1524 532 1547 565 st

33 606 57 622 ,‚
83 573 258 613 riu-ovasse
288 574 373 610 fuori
399 575 432 609 di
449 573 482 608 d.
500 574 612 610 Terra
639 575 725 619 possa
751 577 1095 612 allorad.Sacerdote
1114 578 1147 612 di
1176 578 1343 626 Fainiglia
1365 580 1399 615 d.
1426 581 1546 616 setta.-

32 652 58 669 ‚,
80 622 188 659 Messe
212 622 244 658 la
265 622 522 671 settimana⁴t1na
537 633 595 666 per
607 623 817 669 ognigiorno
833 623 918 659 farle
933 624 1106 660 celebrare
1130 625 1171 658 da
1195 625 1284 661 altro
1297 627 1472 662 Sacerdote
1497 626 1549 660 se-

31 698 57 715 „
80 672 195 707 colare
219 681 238 704 a
259 671 317 706 suo
334 669 478 704 arbitrio
499 670 539 703 da
556 668 721 716 elegersta
747 672 887 718 ragione
913 671 948 706 di
973 683 1019 707 un
1045 671 1177 707 carlino
1193 671 1225 706 la
1240 673 1347 709 Messa
1379 675 1414 710 in
1431 676 1463 709 d.
1481 674 1548 708 Al-

32 747 56 761 „
83 728 153 754 tare
177 718 209 753 di
224 718 256 752 S.
270 716 424 753 Michele
440 743 448 751 .

30 768 111 814 Qo
133 765 228 802 sensu
254 766 324 799 haec
347 763 490 808 accipiat
505 762 704 809 Capitulum
720 791 730 805 ,
754 766 957 813 cognoscent
984 766 1245 802 Eminentiflixni
1270 768 1383 804 Patres
1410 781 1452 804 ex
1477 770 1549 810 ejus-

76 815 208 856 jurium
223 811 365 847 libello:
388 811 903 857 Fraticelliinterptaetationem
930 815 1145 860 ignoramus,
1176 825 1252 849 cuin
1282 817 1367 851 nih1l
1393 816 1548 851 haetenus

76 861 173 896 nobis
186 861 229 894 ab
242 870 281 894 eo
293 858 412 895 datum
429 857 530 894 fuerit
541 885 552 898 .
572 858 795 906 Proponimus
812 862 928 908 itaque
945 859 1165 906 Ampliffimis
1179 862 1332 897 Patribus
1347 866 1410 898 duo
1425 863 1548 898 Dubia

78 907 287 954 expedienda
307 931 319 942 .

30 954 62 992 I.
87 962 146 991 An
168 957 330 992 Sacerdos
346 956 502 998 ⁶Joannes
517 954 666 1001 Baptista
681 958 864 992 Fraticelli
886 969 951 991 una
967 969 1040 992 cum
1059 958 1262 993 canonicatu
1279 956 1424 1000 Ecclesia
1444 959 1548 994 Colle-

211 1006 318 1050 giatae
331 1004 458 1048 Fsggiae
481 1004 629 1039 retinere
646 1005 740 1050 poffic
762 1011 925 1050 Legatum
936 1004 1202 1050 pi.·m1relinum
1219 1018 1237 1037 a
1254 1008 1432 1041 Sacerdote
1444 1012 1548 1040 Fran—

218 1052 301 1094 cisco
318 1051 487 1084 Mmucci
502 1062 575 1085 cum
597 1063 694 1086 onere
720 1051 962 1088 celebrationis
987 1053 1088 1089 Mi‘lae
1113 1048 1316 1096 quotidianae
1342 1055 1379 1089 in
1404 1051 1547 1093 Ecclesia

220 1103 252 1133 5.
267 1098 417 1142 &oannis
435 1099 578 1142 Qttmdi
590 1100 625 1132 in
640 1098 714 1140 casir
727 1102 802 1135 &a
817 1122 829 1136 ‚
853 1098 884 1132 &
901 1107 1069 1142 quatenus
1081 1097 1239 1141 negative
1255 1123 1265 1133 .

33 1143 80 1183 II.
102 1151 163 1181 An
178 1146 305 1191 sltltem
320 1143 366 1186 fit
383 1145 612 1193 consulendam
627 1145 825 1187 Sanffillimo
845 1154 911 1192 pro
936 1150 1060 1182 Gracia
1089 1146 1289 1182 retentionis
1315 1147 1400 1182 dieti
1426 1147 1549 1192 Legati

212 1194 270 1241 pii
282 1203 349 1226 una
376 1203 448 1226 cum
466 1195 666 1226 eanonicam
692 1196 726 1228 in
741 1193 815 1236 casu
833 1197 908 1229 Θϊ.

203 1302 294 1353 Ad
313 1302 357 1353 Ι.
377 1300 707 1363 Affirmative
727 1339 741 1362 ‚
777 1305 825 1354 ὅ(
848 1301 1078 1370 amplius
1096 1343 1110 1355 .
1145 1303 1238 1356 Ad
1268 1303 1339 1357 ΙΙ.
1360 1304 1549 1372 provi-

95 1371 214 1424 sum
240 1376 296 1422 in
328 1373 509 1440 primo
547 1410 560 1422 .

131 1469 418 1516 R'IVENTINA
446 1479 816 1518 CENSURARuw
842 1480 970 1516 Rarum
995 1480 1135 1527 perditae
1163 1482 1317 1518 avaritfae
1345 1506 1354 1520 ,
1390 1482 1422 1516 a:
1449 1481 1550 1516 sacrae

144 1527 253 1562 aliena
266 1528 410 1563 habendi
425 1527 495 1563 sitis
507 1529 634 1574 praebet
656 1532 690 1565 in
715 1531 775 1563 hac
790 1528 899 1563 Causa
923 1530 1116 1573 exemplum
1146 1528 1332 1565 Liberator
1358 1528 1550 1563 Piccirillus

75 1573 216 1610 Divinae
232 1574 376 1610 Pietatis
389 1587 525 1611 munere
543 1578 634 1612 dives
653 1604 662 1618 ,
689 1579 719 1612 dt
734 1587 776 1610 ex
795 1575 860 1609 vili
883 1576 995 1621 gregis
1013 1576 1182 1621 Opilione
1212 1575 1314 1612 faetus
1333 1575 1419 1610 Baro
1443 1574 1551 1610 Castri

75 1621 236 1656 Guardiae
250 1620 390 1657 Brunx·
412 1622 598 1658 Convertit
615 1624 671 1658 hic
685 1625 794 1658 statim
813 1623 963 1656 animum
978 1648 988 1661 ,
1013 1634 1219 1668 manumque
1234 1624 1278 1658 ad
1301 1623 1416 1658 omnia
1441 1620 1543 1659 fivw

74 1669 186 1707 sacra,
214 1667 282 1704 sive
296 1669 472 1716 prophana
490 1697 500 1710 ‚
525 1671 673 1717 praedam
688 1670 863 1716 qnamdam
878 1667 935 1702 fibi
958 1669 1128 1710 oblatam.
1155 1672 1371 1716 debitamque
1405 1669 1551 1704 secum-s

73 1715 142 1761 ipse
156 1724 312 1760 reputans
330 1717 430 1751 homo
445 1728 567 1763 rapax5
598 1719 638 1752 Et
653 1719 732 1764 quia
747 1727 847 1751 nemo
865 1725 1001 1760 repente
1016 1716 1055 1751 fit
1083 1716 1238 1762 peffitnus
1253 1744 1262 1757 ,
1290 1715 1551 1761 permutationis

76 1763 178 1798 titulo
190 1763 339 1808 primum
355 1764 501 1800 abduxit
513 1767 615 1801 boves
643 1774 796 1800 aratoros
822 1762 999 1797 tresdecim
1026 1774 1067 1799 ex
1097 1763 1206 1798 fundis
1224 1763 1494 1810 parochialibus,
1518 1763 1550 1796 &

75 1821 193 1846 eorum
207 1809 283 1845 viee
292 1823 373 1846 oves
387 1812 559 1852 reddidit,
571 1824 650 1857 quas
661 1839 670 1852 ‚
684 1812 715 1846 &
731 1820 812 1857 quot
823 1808 884 1856 ipsi
900 1809 1003 1844 libuit
1015 1832 1027 1844 .
1044 1812 1187 1845 Amovit
1200 1811 1276 1845 inde
1291 1812 1418 1845 trabem
1433 1821 1551 1855 quam-

75 1857 152 1892 dam
165 1867 314 1904 procetae
327 1859 553 1905 longitudinis
568 1871 586 1895 a
598 1860 744 1894 Curator
760 1855 934 1904 sepositam
947 1883 957 1897 ,
981 1866 1017 1891 ut
1032 1858 1119 1892 sarta
1134 1856 1242 1892 Tecta
1255 1856 1408 1893 Ecclefiae
1438 1857 1554 1891 serva·

75 1914 131 1941 ret
145 1930 155 1944 ‚
181 1916 287 1953 eaque
301 1905 375 1940 usus
387 1905 433 1940 est
447 1905 481 1940 in
497 1906 624 1942 fabrica
637 1906 757 1942 aedium
770 1904 902 1939 suarum
921 1917 928 1937 =
957 1904 1104 1938 Vaccatn
1124 1915 1199 1939 cum
1219 1905 1335 1941 vitulo
1369 1906 1552 1949 surreptam

76 1952 230 1987 Parocho
245 1953 416 1988 venditori
429 1953 506 1999 equi
523 1954 657 1989 tradidit
672 1965 731 1998 pro
746 1951 878 1997 pretio:
906 1950 1031 1986 Manus
1046 1951 1204 1986 extendit
1229 1955 1266 1987 ad
1286 1952 1434 1987 decimas
1458 1962 1554 1996 paro-

77 1999 226 2039 chiales,
253 2011 333 2046 quas
347 2000 407 2035 fibi
423 2001 566 2046 pendere
582 2001 694 2047 coegit
708 1999 843 2034 miseros
862 1997 1002 2033 rusticos
1024 2007 1200 2039 tamquam
1228 1998 1369 2034 domino
1393 2001 1552 2033 bonorum

75 2045 252 2088 Ecclesiae,
277 2046 398 2082 invasu
422 2048 542 2093 predia
571 2046 817 2084 ecclefiastica,
846 2045 1006 2080 terminos
1037 2045 1166 2080 amovit
1184 2071 1196 2086 ,
1220 2046 1304 2082 fines
1329 2045 1527 2082 disturbavit
1543 2070 1552 2082 ,

77 2103 118 2129 ut
139 2092 390 2140 signa-dominii
412 2094 562 2130 Ecclesiae
575 2095 768 2130 delerentur
784 2118 794 2131 ‚
815 2093 844 2126 &
857 2090 989 2126 nullum
1004 2091 1182 2138 superesset
1197 2093 1375 2140 vestigium
1393 2093 1402 2127 ἑ
1425 2091 1553 2127 Terri„

75 2142 167 2177 colas
188 2139 244 2176 fibi
259 2142 403 2187 pendere
419 2142 557 2188 impulit
575 2141 672 2177 minis
689 2166 700 2180 ‚
713 2142 743 2176 &
759 2148 851 2175 metu
865 2139 1064 2174 terraticum
1081 2164 1091 2178 ,
1114 2140 1280 2180 tributum
1295 2165 1306 2180 ‚
1325 2140 1414 2187 quod
1437 2141 1477 2174 ad
1492 2139 1554 2173 Ec·

75 2187 211 2224 clestam
234 2189 406 2234 pertinet,
435 2191 466 2224 &
482 2189 735 2225 Procuratorem
753 2186 896 2223 Parochi
921 2185 1125 2222 resistentem
1148 2187 1183 2220 in
1211 2188 1325 2234 fugam
1354 2186 1554 2223 convertit,

76 2245 220 2272 uxorem
238 2235 338 2284 ipsius
352 2238 388 2271 in
403 2248 552 2273 carceres
566 2236 734 2282 compegit
748 2261 757 2274 ‚
781 2234 906 2280 quibus
918 2234 1026 2268 etiam
1047 2246 1136 2268 nunc
1148 2234 1349 2270 detinetur:
1375 2233 1554 2269 Peculium

77 2284 211 2318 tandem
224 2295 325 2320 omne
339 2311 349 2326 ‚
372 2284 576 2319 frumentum
587 2309 597 2322 ,
626 2285 657 2318 &
673 2282 787 2328 fruges
801 2295 812 2320 ς
836 2282 868 2316 &
882 2280 1046 2327 quidquid
1059 2281 1229 2327 supererat
1240 2306 1249 2322 ‚
1261 2282 1334 2317 aeris
1348 2309 1358 2321 ,
1374 2280 1555 2320 fruetuum,

78 2329 278 2367 animalium
290 2332 473 2377 occupavit
492 2358 501 2370 ,
527 2333 646 2366 nudam
661 2330 802 2376 reliquit
819 2326 1000 2363 Ecclesiam
1015 2353 1024 2365 .
1050 2328 1082 2363 &
1100 2329 1274 2374 lugentem
1286 2329 1479 2363 Parochum
1504 2327 1556 2362 su-

78 2387 140 2422 pet·
151 2378 358 2415 desolatione
373 2378 497 2426 sponsae
511 2379 573 2414 suae
587 2377 706 2424 adegit
722 2401 730 2416 ‚
742 2385 780 2411 ut
795 2376 920 2412 vietum
932 2400 942 2414 ,
969 2373 1156 2422 stipemquae
1170 2384 1359 2420 quaereret:
1386 2374 1468 2409 hinc
1495 2384 1556 2421 pa·

81 2422 182 2459 schtli
196 2435 345 2473 tempore
358 2429 504 2462 advento
516 2426 680 2461 abstinuit
695 2436 714 2459 a
727 2422 984 2458 Communione
1000 2442 1011 2454 .

33 2473 168 2509 Interea
179 2473 352 2510 Parochus
366 2473 489 2509 infelix
503 2473 548 2508 ad
560 2471 747 2518 praestdium
760 2468 915 2520 confugi-t
933 2467 1086 2516 Episcopi
1104 2468 1308 2505 Triventini
1325 2495 1336 2508 ,
1359 2468 1392 2504 &
1409 2479 1558 2505 coram.-

1583 1487 1726 1530 Sess.22‹
1747 1495 1824 1521 cat.

1582 1536 1621 1570 de
1633 1534 1708 1580 Ref-

80 2517 178 2563 ipsius
192 2519 332 2557 Vicario
344 2522 440 2567 petiit
460 2522 680 2555 inflictionem
697 2519 922 2554 anathematis
937 2516 973 2550 in
990 2517 1176 2552 invasorem
1191 2515 1401 2552 Piccirillum
1418 2542 1429 2556 ,
1441 2516 1502 2563 qui
1522 2515 1558 2549 in
1593 2543 1596 2547 ,

80 2567 131 2610 jus
146 2577 282 2603 vocatus
294 2572 347 2606 die
369 2570 469 2613 'Julii
488 2571 568 2604 anni
590 2577 686 2613 1744.
697 2567 735 2600 ad
751 2565 1014 2611 comparendum
1031 2590 1041 2604 ‚
1059 2565 1090 2599 δι
1109 2563 1289 2600 dicendam
1303 2562 1440 2598 causam
1456 2587 1466 2602 ‚
1479 2573 1558 2608 qua-

80 2624 115 2650 re
128 2625 194 2648 non
209 2614 348 2650 deberet
359 2614 529 2651 declarari
546 2612 853 2650 excommunicatus
869 2637 879 2651 ‚
897 2610 1105 2657 prtefixoque
1124 2610 1230 2646 trium
1241 2610 1375 2646 dierum
1399 2610 1558 2646 termino,

81 2672 148 2696 non
164 2663 351 2705 comparuit
362 2691 370 2700 .
401 2663 568 2698 Accusata
583 2661 792 2697 contumacia
806 2684 816 2697 ,
839 2657 894 2692 die
910 2670 923 2693 1
934 2671 964 2699 s.
978 2657 1123 2699 ejusdem
1137 2657 1254 2694 mensis
1263 2658 1397 2704 publica
1413 2655 1561 2692 anathe-

81 2717 171 2745 mate
184 2709 344 2752 subjectus
359 2710 426 2747 fuit
438 2737 449 2751 ,
474 2710 633 2756 affixique
650 2708 758 2756 palam
771 2705 972 2742 Cedulones
985 2733 995 2744 .
1025 2704 1101 2741 Hoc
1113 2704 1258 2744 fulmine
1279 2703 1464 2784 percussu?1
1470 2701 1559 2783 {pro

1402 2760 1438 2785 re
1469 2760 1479 2783 i
