1874 2961
1447 128 1488 157 ⁴11

20 166 82 253 S
97 217 409 256 ARSINATEN.
430 213 871 253 CONTRIBUTIONIS
887 241 898 255 ‚
927 214 960 251 in
985 227 1050 263 qua
1074 215 1269 263 disputatur
1286 241 1295 250 .

27 270 90 302 An
114 270 279 309 Beneficia
311 268 422 304 erec‘la
443 265 514 314 post
549 271 675 300 Taxam
712 264 840 307 faciam
856 274 922 311 pro
948 266 1099 301 mercede
1121 262 1279 310 Magistri
1309 265 1495 299 Seminarii

77 316 213 358 Sarsina:
237 313 453 351 contribuere
476 312 619 349 debeant
634 313 728 346 dieta
743 313 914 350 mercedi,
935 314 987 348 ita
1004 322 1042 347 ut
1057 310 1088 354 fi
1110 312 1205 349 locus
1229 322 1317 347 novo
1345 313 1494 356 reparti-

78 363 221 399 timento
246 364 282 398 in
301 361 375 405 casu
395 364 469 398 &a

125 456 199 494 Esse
222 456 338 492 locum
354 465 447 492 novo
462 454 729 501 Repartimento
753 452 912 491 faciendo
937 455 977 490 ad
1000 455 1146 491 formam
1161 453 1337 493 concilii.

133 599 377 649 QJILEJEN.
404 598 738 635 SUSPENSlONlS
762 599 797 636 A
825 598 1035 635 DIVINIS:
1066 599 1214 635 Plebana
1241 599 1385 636 Ecclesia
1407 597 1498 635 Ter·

148 650 239 684 centi
253 675 263 688 ,
287 660 360 694 quae
385 647 421 681 in
438 645 646 691 Aquileiensi
662 645 814 682 Dioecefi
827 646 874 682 est
887 673 896 686 ‚
924 656 991 682 tres
1009 647 1110 683 habet
1137 648 1304 689 subiectos
1319 649 1424 685 vicos
1439 647 1498 682 Se-

79 695 206 744 gnaci‚
231 695 343 729 Collis
361 693 439 729 Alti
458 720 466 734 ‚
489 694 519 729 ἃ
538 694 640 730 Villae
669 693 815 741 Frigidae
838 721 848 734 .
873 695 915 729 ad
943 706 1026 741 quos
1051 707 1129 730 cum
1153 695 1300 731 d1ffici1is
1325 694 1386 736 sit,
1408 697 1498 742 hye-

77 743 164 778 mali
185 742 366 787 praesertim
388 750 538 786 tempore
553 768 562 780 ,
589 741 734 776 accessus
757 768 766 781 ,
791 754 853 777 nec
868 742 1086 777 Sacramenta
1110 742 1335 778 Ecclesiastica
1355 743 1498 778 Vicanis

78 788 264 826 ministrari
292 801 310 823 a
327 788 477 823 Plebmo
492 788 665 824 commode
681 787 813 834 poss'ent
841 816 850 829 ‚
868 801 956 825 anno
978 793 1073 830 1446.
1099 790 1260 825 Decreto
1288 792 1360 826 lato
1387 802 1404 824 a
1419 789 1499 826 Cu*

79 837 130 872 ria
144 835 369 872 Patriarchali
382 835 592 881 Aquileiensi
616 837 695 871 data
720 837 788 871 illis
811 836 877 872 fuit
902 836 1039 872 facultas
1063 836 1211 883 eligendi
1225 837 1500 883 Cappellanum,

77 884 135 932 qui
162 894 299 919 munere
326 882 469 918 Parochi
488 882 684 930 fungeretur
699 908 710 921 ‚
735 894 811 918 cum
829 895 934 919 onere
953 893 1067 919 tamen
1083 885 1193 918 eidem
1212 884 1384 930 praestandi
1411 896 1500 920 con-

76 941 196 978 gruam
217 930 408 967 mercedem
434 941 475 964 ex
505 931 713 966 voluntariis
739 930 878 966 decimis
903 958 913 972 ‚
938 931 968 966 δι
991 930 1306 967 contributionrbus
1329 959 1336 968 .
1375 930 1413 965 In
1436 931 1501 966 hac

78 977 171 1022 quasi
187 976 379 1024 possessione
407 977 575 1024 eligendi,
599 979 631 1012 δι
655 977 885 1024 praesentandi
912 978 1001 1014 hunc
1015 977 1288 1025 Cappellanum‚
1312 979 1368 1014 seu
1396 978 1500 1013 Vice·

77 1023 266 1061 Parochum
292 1025 416 1060 Vicani
452 1026 506 1060 illi
541 1023 679 1059 fuerunt
714 1028 752 1060 ad
789 1036 917 1061 annum
954 1025 1057 1072 usque
1086 1035 1183 1071 1734.
1212 1051 1222 1064 ‚
1259 1037 1324 1072 quo
1345 1025 1502 1061 defuneto

80 1069 244 1120 Georgeo
266 1071 464 1109 Cossettino
485 1097 495 1110 ‚
520 1072 695 1107 unanimes
720 1073 892 1119 elegerunt
929 1072 1143 1108 Sacerdotem
1171 1073 1346 1108 Andream
1374 1072 1502 1113 Gatti,

78 1118 165 1165 qui,
191 1132 232 1154 ne
254 1119 286 1155 se
304 1120 399 1156 ultro
419 1118 603 1155 immiscere
628 1119 808 1155 videretur
831 1148 841 1161 ‚
864 1120 963 1166 petiit
981 1132 999 1155 a
1023 1120 1176 1156 Plebano
1194 1119 1361 1156 Tercenti
1384 1120 1502 1155 claves

75 1165 316 1203 Tabernaculi
330 1194 340 1207 ‚
366 1165 560 1214 Baptisterii
576 1194 585 1207 ‚
612 1167 780 1202 Oleorum
794 1195 802 1207 ‚
829 1169 858 1203 ἃ
874 1168 1018 1212 Sacrarii
1036 1193 1046 1207 ‚
1073 1167 1325 1214 declaravitque
1343 1167 1500 1212 scripta..

77 1213 274 1260 Syngrapha
302 1216 333 1250 se
349 1214 513 1249 Officium
539 1214 703 1258 suscipere
723 1215 771 1249 uti
789 1215 1016 1257 coadiutorem
1039 1213 1136 1260 ipsius
1151 1241 1161 1254 ,
1185 1215 1218 1249 &
1244 1225 1501 1260 cooperatorem

78 1269 241 1296 vocatum
257 1262 291 1297 in
304 1269 437 1309 partem
454 1260 692 1296 sollicitudinis
709 1263 916 1297 Parothialrs
935 1276 943 1295 ε
963 1263 1026 1298 hac
1051 1260 1162 1296 emissa
1186 1261 1410 1296 declaratione
1429 1263 1500 1296 cla-

76 1317 137 1342 ves
159 1307 334 1349 obtinuit,
358 1307 424 1344 sese
440 1307 514 1342 inde
529 1319 647 1355 gerens
670 1319 729 1353 pro
748 1309 1035 1345 Vice-Parocho.
1060 1311 1100 1343 ln
1124 1309 1186 1344 hac
1211 1308 1357 1354 suscepta
1370 1310 1499 1346 anima-

76 1364 152 1389 rum
166 1354 262 1390 Cura
276 1368 355 1391 eum
370 1354 496 1390 deinde
514 1355 757 1390 confirmarunt
773 1358 857 1392 bime
874 1357 1022 1401 epistolae
1037 1383 1046 1396 ,
1072 1357 1183 1391 altera
1195 1354 1278 1398 jussu
1294 1356 1499 1394 Patriarchae

72 1401 307 1447 Aquileiensis
332 1402 372 1437 ad
397 1401 504 1448 ipsum
526 1404 647 1448 scripta
673 1430 683 1443 ‚
705 1415 768 1449 qua
795 1404 998 1438 hortabatur
1019 1430 1029 1443 ,
1055 1411 1092 1438 ut
1118 1404 1152 1439 in
1167 1402 1340 1438 commisso
1361 1414 1501 1440 munere·

72 1449 178 1493 probe
193 1475 203 1488 ,
228 1449 454 1496 gnaviterque
467 1449 500 1484 se
519 1460 649 1496 gereret
665 1478 674 1491 ,
691 1463 753 1485 nec
772 1451 859 1498 spem
876 1450 1007 1486 salleret
1028 1452 1068 1486 de
1092 1450 1124 1486 se
1144 1459 1343 1498 conceptam
1356 1464 1367 1484 ε
1389 1450 1496 1488 altera

76 1495 219 1531 Plebani
245 1523 254 1536 ,
279 1509 352 1544 quae
377 1496 411 1531 in
437 1496 523 1532 idem
547 1498 738 1545 conspirat.

30 1543 137 1579 Anno
153 1545 300 1579 nondum
316 1543 431 1589 elapso
445 1571 454 1584 ,
473 1544 534 1579 ille
560 1545 645 1581 idern
660 1546 826 1581 Flebanus
852 1547 887 1582 in
911 1547 962 1589 ius
974 1546 1112 1583 vocavit
1127 1545 1212 1582 Vice
1235 1546 1417 1583 Parochum
1438 1547 1497 1581 in-

78 1589 188 1631 stans,
215 1601 258 1625 ne
275 1591 505 1627 institueretur
528 1593 671 1632 electus,
692 1592 751 1628 sed
776 1593 972 1638 simpliciter
984 1595 1180 1639 probaretur
1195 1622 1204 1636 ,
1225 1595 1255 1629 &
1271 1593 1491 1630 confirmare-

76 1645 136 1672 tur
151 1636 217 1688 *sub
235 1638 327 1673 nuda
341 1665 351 1679 ‚
377 1639 411 1673 8(
433 1638 502 1673 sola
527 1639 755 1685 appellatione
769 1640 978 1687 Cappellani
991 1642 1197 1686 succurfilis
1217 1668 1227 1680 ,
1259 1642 1438 1677 interdicto
1462 1640 1496 1676 ei

78 1692 214 1734 penitus
242 1685 370 1726 titulo,
390 1686 422 1720 &
444 1688 701 1732 nuncupatione
715 1687 854 1723 Parochi
868 1715 878 1728 ,
897 1701 968 1734 quae
995 1689 1025 1723 ei
1041 1700 1109 1723 non
1124 1688 1325 1724 conveniret
1343 1717 1350 1725 .
1376 1687 1447 1722 Ubi
1462 1688 1498 1723 id

79 1731 210 1765 Vicani
225 1732 434 1768 resciverunt
447 1759 458 1773 ,
485 1734 648 1768 continuo
665 1735 698 1770 in
714 1733 822 1771 Curia
841 1735 1053 1782 Aquileiensi
1071 1736 1291 1777 adjudicium
1303 1743 1496 1773 venerunt,

77 1777 338 1828 &postularunt
356 1779 514 1816 custodiri
529 1780 749 1828 longissimam
764 1781 998 1826 possessionem
1012 1808 1022 1821 ,
1047 1783 1081 1817 in
1093 1794 1157 1828 qua
1167 1793 1261 1817 erant
1275 1810 1285 1822 ,
1306 1782 1494 1817 Parochum

77 1825 229 1876 eligendi
247 1851 257 1865 ,
282 1825 333 1861 sed
348 1828 468 1870 reiecta
491 1827 557 1862 fuit
574 1829 697 1873 petitio
715 1828 752 1863 ist
766 1829 835 1864 haec
849 1829 1031 1875 possessorii
1047 1857 1057 1871 ‚
1078 1829 1252 1864 reservato
1269 1839 1402 1865 tantum
1415 1830 1494 1872 iure

74 1881 116 1906 m
135 1873 468 1917 petltoriojudicio:
497 1875 623 1910 Vicani
644 1875 747 1921 igrtur
772 1877 872 1910 adito
884 1876 1068 1912 Tribunali
1083 1876 1225 1911 Venetae
1251 1876 1494 1914 Nunciaturae,

77 1927 270 1966 vocatoque
295 1922 335 1954 ad
354 1921 438 1956 illud
451 1921 652 1957 Promotore
665 1922 786 1957 fiscali
800 1922 914 1958 Curiae
931 1923 1177 1969 Aquileiensis,
1200 1925 1494 1959 manutentionem

75 1966 114 2000 in
136 1967 226 2012 quasi
253 1966 457 2013 possessione
481 1968 665 2004 Parochum
689 1970 838 2015 eligendi
856 1971 983 2006 iterum
1004 1971 1228 2017 postularunt,
1251 1973 1282 2006 &
1313 1972 1364 2006 uti
1392 1980 1495 2016 roga—

74 2013 162 2047 bant
179 2037 191 2052 ,
212 2012 415 2065 sententiam
440 2016 686 2051 obtinuerunt:
711 2018 841 2052 Contra
867 2030 949 2054 vero
973 2020 1014 2053 ab
1028 2017 1243 2066 Aquileiensi
1254 2018 1365 2058 Curia
1390 2018 1496 2053 lata...

73 2059 241 2096 sententia
254 2059 322 2095 fuit
336 2060 451 2097 favore
463 2062 605 2097 Plebani
619 2089 627 2098 .

23 2106 174 2157 ‚Interim
195 2105 398 2143 Patriarcha
411 2109 642 2154 Aquileiensis
664 2111 799 2146 Sacram
814 2112 1054 2147 Vifitationem
1074 2113 1146 2160 egit
1172 2113 1208 2150 in
1222 2113 1382 2150 Plebania
1395 2110 1496 2148 Ter-

77 2162 194 2192 cerm,
217 2154 363 2201 binaque
375 2154 460 2190 tulit
474 2154 611 2191 decreta
626 2184 636 2197 ,
663 2170 808 2204 quorum
834 2159 940 2204 primo
968 2160 1144 2197 interdixit
1157 2159 1336 2196 Ecclesiam
1357 2158 1496 2196 Sanffls-

77 2200 164 2236 sunae
179 2198 367 2237 Trinitatis
380 2228 391 2241 ‚
413 2215 487 2248 quae
509 2203 674 2249 spectabat
691 2207 730 2240 ad
745 2206 912 2242 Homines
925 2206 967 2241 de
983 2206 1110 2243 Lirutis
1124 2207 1229 2244 Villae
1244 2208 1389 2254 Frigidae
1403 2235 1413 2248 ‚
1440 2207 1496 2241 al-

74 2257 153 2283 tero
181 2247 354 2296 suspendit
369 2261 389 2283 a
407 2250 549 2286 Divinis
574 2253 746 2287 Andream
759 2253 858 2288 Gatti
873 2280 883 2292 ‚
908 2255 959 2288 uti
982 2253 1169 2295 intrusum,
1193 2258 1224 2291 &
1249 2255 1368 2297 iniuste
1397 2254 1497 2289 habi-

73 2303 206 2347 tantem
219 2297 364 2332 domum
380 2295 609 2334 parochialem
625 2325 635 2338 ,
665 2301 696 2334 &
722 2299 967 2347 percipientem
992 2300 1117 2337 fructus
1139 2301 1291 2337 beneficii
1319 2302 1384 2336 sine
1409 2301 1496 2346 legi-

76 2350 183 2382 tima,
207 2343 240 2377 &
278 2344 452 2395 Canonica
474 2344 690 2383 institutione
715 2360 724 2380 =
749 2347 810 2382 Sed
834 2347 956 2383 Vicani
980 2349 1183 2395 potestatem
1207 2349 1360 2384 fecerunt
1385 2349 1496 2383 eidem

77 2389 228 2425 Andreae
240 2390 340 2425 Gattr
355 2417 365 2430 ,
391 2400 429 2427 ut
456 2403 523 2427 non
537 2393 689 2428 obstante
713 2393 923 2439 suspensione
949 2407 968 2430 a
982 2396 1127 2430 Divinis
1145 2396 1282 2430 domum
1297 2394 1469 2430 habitaret
1483 2421 1495 2436 ,

77 2436 112 2470 &
136 2434 260 2489 fructus
283 2447 385 2485 atque
404 2439 632 2475 emolumenta
647 2468 657 2482 ‚
682 2453 756 2487 quae
781 2440 1062 2487 adsignaverant,
1085 2442 1281 2488 perciperet
1297 2469 1307 2482 ‚
1331 2443 1416 2488 quod
1432 2453 1497 2477 eo-

77 2493 154 2516 rum
167 2483 254 2534 Juris
267 2484 373 2520 essent
387 2486 502 2521 omnia
516 2514 526 2526 ‚
552 2499 620 2522 non
635 2487 792 2523 Ecclefiae
806 2515 816 2528 ,
842 2498 901 2522 aut
928 2487 1086 2523 beneficii
1100 2516 1107 2524 .
1133 2486 1204 2534 Ipse
1216 2488 1380 2526 Sacerdos
1395 2487 1495 2523 Gatti

77 2528 236 2580 confugit
250 2534 288 2567 ad
305 2532 475 2568 Tribunal
492 2534 634 2569 Venetae
651 2535 685 2568 N
691 2536 875 2570 unciaturae
889 2561 900 2574 ,
923 2537 957 2570 &
974 2546 1010 2570 re
1023 2535 1209 2582 diligenter
1222 2537 1390 2583 perspecta
1403 2562 1413 2575 ,
1428 2535 1498 2571 lata

77 2575 148 2610 fuit
170 2577 362 2627 sententia,
384 2591 450 2625 qua
469 2581 694 2616 revocabatur
716 2583 892 2618 decretum
916 2581 1118 2617 Patriarehae
1142 2592 1259 2619 contra
1287 2583 1497 2619 Andr-eam.»

75 2621 178 2657 Gattl
191 2651 199 2659 .
226 2625 426 2671 Appellavit
438 2628 480 2663 ab
502 2628 564 2663 hac
579 2629 745 2664 sententia
759 2630 960 2665 Procurator
985 2627 1126 2664 Fiscalis
1140 2629 1254 2666 Curiae
1271 2628 1498 2678 Aquileiensis

76 2669 137 2705 die
157 2680 210 2711 14.
232 2672 324 2714 Junii
348 2674 429 2710 anni
446 2683 543 2720 1737.
564 2676 598 2711 8<
626 2688 714 2711 anno
736 2677 779 2712 ab
804 2676 869 2713 hac
890 2676 1125 2722 appellatione
1148 2688 1238 2724 pene
1253 2678 1368 2725 elapso
1383 2703 1395 2717 ‚
1419 2678 1493 2710 An·

122 2719 286 2758 Tom.XV.
945 2723 972 2758 B
995 2733 1016 2758 2
1394 2723 1493 2760 dreas

1524 171 1587 210 Seff.
1600 181 1650 212 ²3·
1663 177 1735 210 ωδ.

1521 212 1559 243 de
1570 216 1623 252 ref·

1525 581 1730 621 sess-amaa.

1526 625 1562 654 de
1586 622 1640 662 rofi
