1883 2907
49 168 252 209 Sess.24.c.is·
345 126 700 198 ςδΟΙᾸΕῒΑςΓΙῖΙΞΝ.
724 157 1263 210 ΡΚΙΕΕΜῘΝΕΝΠΑΚῌΜ,
1295 154 1361 193 ΕΤ
1389 157 1576 211 JQRiuM
1601 158 1757 213 PARo-

50 212 146 251 dms<
298 165 361 246 P
387 205 639 243 CHlALIUM
655 232 664 241 .
691 207 738 240 Ex
754 206 858 240 XIV.
885 208 1080 251 Capitibus,
1112 207 1233 257 quibus
1260 206 1401 241 collecta
1423 207 1533 242 {uerat
1554 219 1663 243 omnis
1687 209 1758 245 haec

343 255 452 292 Causa
479 251 647 299 proposita
673 254 706 289 in
721 254 1005 299 Congregatione
1018 255 1132 289 habita
1145 254 1202 289 die
1215 263 1272 288 22.
1285 253 1431 295 januarii
1446 253 1546 296 hujus
1565 256 1645 291 anni
1660 283 1670 296 ,
1688 256 1757 291 Ca-

344 312 403 350 put
420 302 595 337 dumtaxat
622 314 741 336 nonum
760 299 947 345 responsum
975 301 1108 345 accepit
1130 315 1139 337 ε
1162 307 1291 336 Iterum
1311 310 1549 349 proponatur:
1579 300 1622 336 Et
1654 306 1698 338 ob
1724 303 1755 339 id

344 348 639 395 Archipresbyter
659 348 689 382 &
705 347 825 382 Clerus
839 347 871 382 S.
887 347 1030 383 Nicolai
1054 347 1224 383 Civitatis
1251 346 1400 384 Rivalia:
1413 348 1563 390 ejusdem
1578 361 1668 385 nunc
1689 351 1756 386 de·—

343 397 536 431 finitionem
559 394 733 442 postulant
749 421 758 434 ,
784 404 885 438 atque
907 394 1010 430 etiam
1024 422 1034 435 ‚
1058 406 1095 429 ut
1120 395 1325 440 Ampliflimi
1342 396 1456 431 Patres
1469 395 1504 431 in
1518 396 1637 432 cadem
1653 397 1757 442 persi-

343 443 430 479 stant
444 443 610 478 sententia
637 443 746 487 quoad
760 441 824 474 alia
845 440 972 487 Capita
987 468 997 481 ‚
1014 454 1087 489 quae
1101 455 1191 478 novo
1206 445 1399 478 eorumdem
1415 443 1552 484 Judicio
1567 444 1756 486 subjiciun-

348 502 419 526 tur:
451 492 531 525 Sunt
554 497 665 522 autem
695 489 764 523 haec
785 489 819 522 in
841 487 977 523 Ordine
992 509 1022 515 --
1037 490 1118 528 vll.
1146 492 1202 526 An
1224 489 1259 524 in
1283 489 1366 525 festo
1385 493 1415 525 S.
1434 491 1574 527 Nicolai
1598 502 1755 529 teneatur

346 538 471 574 Clerus
497 536 671 571 S.Mariae
697 535 799 569 etiam
827 547 898 571 non
913 547 1055 572 vocatus
1082 539 1242 574 accedere
1268 537 1308 572 ad
1333 539 1405 580 ejus
1430 538 1610 575 Ecclesiam
1624 541 1756 584 juxta..-

343 585 505 622 solitum,
530 586 562 621 δι
580 582 722 617 assistere
737 582 859 629 primis
888 583 1046 631 Vesperis
1061 613 1072 626 ,
1096 587 1129 621 8<
1149 585 1255 622 Miffae
1280 584 1418 619 solemni
1437 612 1446 624 ‚
1471 588 1500 621 8(
1518 587 1639 624 Clerus
1653 588 1757 624 &Ni-

345 632 433 668 colai
449 645 486 666 ea
505 629 678 668 occasione
698 639 857 665 teneatur
883 631 1079 669 distribuere
1094 632 1231 680 singulis
1256 634 1296 667 de
1313 633 1419 668 Clero
1444 634 1478 667 S.
1493 634 1612 670 Mariae
1639 635 1756 671 solitas

343 680 514 716 Candelas
540 676 660 715 incasti
673 678 738 713 ἃς.
765 677 861 713 Vlli.
891 680 948 715 An
962 680 1087 717 Clerus
1106 682 1140 718 S.
1156 681 1295 716 Nicolai
1310 680 1429 715 saltem
1442 691 1579 718 vocatus
1598 692 1757 719 teneatur

344 727 506 762 accedere
530 730 569 763 ad
593 724 775 760 Ecclesiam
797 726 829 761 S.
847 726 965 763 Mariae
981 753 991 767 ‚
1022 728 1138 777 ibique
1167 727 1306 764 astistere
1330 728 1483 764 secundis
1500 729 1663 776 Vesperis
1681 729 1758 765 Do-

345 774 502 814 minicae,
524 777 557 810 8<
583 770 691 808 Missae
716 774 863 808 Solemni
887 774 978 811 fcriae
1008 776 1158 813 secundae
1187 774 1421 816 pentecostes,
1451 788 1489 811 ac
1507 777 1612 812 etiam
1630 778 1755 824 primis

347 820 524 867 Vesperis‚
553 818 707 858 &Miffae
729 820 873 858 solemni
895 822 1140 870 Assumptionis
1165 822 1203 860 B.
1215 823 1334 859 Mariae
1351 823 1507 871 Virginis
1534 823 1569 859 in
1582 826 1661 860 casu
1682 825 1753 860 &c-

344 868 392 904 X.
412 869 469 903 An
491 867 787 915 Archipresbyter
811 868 845 904 S.
863 869 987 908 Mariae
1014 880 1170 907 teneatur
1198 874 1350 917 recipere
1373 871 1447 906 olea
1472 873 1591 907 Sancta
1617 873 1658 906 ab
1673 873 1751 908 Ar-

341 916 603 963 chipresbytero
627 917 660 951 S.
677 915 820 951 Nicolai
835 942 846 956 ,
873 917 940 952 five
967 918 1080 965 potius
1107 919 1139 953 ei
1158 918 1291 953 licitum
1314 918 1352 953 sit
1375 930 1413 952 ea
1436 919 1564 954 sumere
1583 920 1626 954 ab
1637 919 1753 955 Eccle-

342 962 385 997 fia
411 962 614 999 Cathedrali
640 965 674 997 in
687 962 764 998 casu
779 965 842 999 διε.
875 963 940 1001 Xl.
968 967 1026 1001 An
1050 966 1080 1001 δι
1095 966 1150 1001 cui
1171 965 1319 1001 Ecclesiae
1343 976 1511 1011 competat
1532 967 1583 1009 jus
1596 968 1753 1012 antepul—

345 1010 437 1045 sandi
452 1010 645 1056 Campanas
668 1012 703 1046 in
723 1011 778 1046 die
803 1013 1118 1053 Sabbathi'san611',
1140 1015 1171 1049 δι
1196 1024 1362 1059 quatenus
1381 1012 1536 1049 Ecclesia:
1550 1013 1582 1049 S.
1598 1014 1752 1053 Nicolai,

343 1057 402 1092 An
427 1058 555 1094 constet
572 1058 719 1095 Clerum
746 1059 873 1095 Sanetae
895 1061 1019 1096 Maria:
1049 1059 1271 1108 antepulsasse
1285 1060 1476 1104 Campanas
1498 1072 1588 1096 anno
1606 1072 1703 1102 1744.
1717 1062 1750 1097 &

339 1115 383 1138 an
399 1104 559 1142 inciderit
580 1107 614 1142 in
628 1118 763 1152 poenam
777 1107 981 1143 ducatorum
995 1118 1132 1144 centum
1145 1108 1179 1144 in
1196 1108 1273 1143 casu
1287 1107 1498 1144 &cXH-An
1512 1108 1618 1145 Clero
1632 1109 1748 1143 S.Ma-

340 1150 400 1186 riae
418 1150 518 1188 liceat
534 1154 655 1192 habere
669 1154 842 1202 proprium
861 1155 1151 1191 Concionatorem
1163 1164 1316 1202 tempore
1329 1155 1601 1202 quadragesimali
1615 1156 1648 1191 in
1665 1168 1750 1202 pro-

370 1200 418 1234 ria
433 1197 584 1236 Ecclesia
606 1227 616 1241 ,
638 1203 696 1239 seu
720 1204 832 1248 potius
860 1202 1072 1239 adhibendus
1089 1202 1127 1237 fit
1151 1214 1237 1239 unus
1255 1203 1408 1249 idemque
1437 1202 1675 1238 Concionator
1693 1204 1747 1237 di-

340 1210 468 1282 iiinctis
500 1249 616 1284 diebus
641 1250 675 1285 in
701 1258 839 1297 utraque
856 1249 1001 1286 Ecclesia
1018 1251 1052 1286 in
1066 1251 1143 1286 casu
1158 1248 1336 1287 &e.X111.
1367 1252 1423 1285 An
1437 1250 1632 1296 Presbyteri
1648 1250 1745 1286 Cleri

341 1292 375 1329 S.
391 1293 512 1330 Mariae
536 1304 715 1333 teneantur
743 1309 822 1333 cum
847 1296 1024 1333 assistentia
1049 1297 1147 1344 ipfius
1168 1297 1263 1333 Cleri
1275 1299 1414 1344 primam
1432 1297 1564 1333 Miffam
1581 1324 1592 1338 ‚
1617 1297 1684 1332 five
1700 1299 1751 1332 le-

340 1341 425 1375 &am
437 1368 448 1382 ,
464 1342 531 1379 five
544 1356 624 1379 cum
635 1345 749 1381 Cantu
764 1343 936 1380 celebrare
953 1345 986 1380 in
1000 1345 1144 1380 Ecclefia
1159 1345 1340 1381 S.Nicolai
1358 1345 1393 1380 in
1408 1343 1486 1380 casu
1501 1345 1562 1380 &a
1580 1343 1745 1382 Xiv.An

340 1388 375 1423 &
387 1387 448 1423 sub
464 1401 527 1436 qua
541 1402 639 1437 poena
654 1393 905 1437 prohibendum
925 1392 964 1427 sit
985 1393 1299 1439 Archipresbytero
1312 1418 1322 1432 ,
1344 1393 1376 1428 δι
1388 1391 1495 1427 Clero
1509 1393 1543 1428 S.
1556 1391 1676 1429 Mariae
1689 1393 1750 1427 de-

340 1436 522 1473 nominare
546 1442 720 1486 propriam
735 1440 919 1476 Ecclesiam
935 1440 1115 1476 Matricem
1129 1441 1294 1482 maiorem
1311 1466 1322 1475 .
1350 1450 1388 1474 ac
1412 1438 1637 1483 collegiatam
1664 1439 1748 1475 infi-

342 1493 446 1527 gnem
468 1483 506 1519 in
520 1486 596 1522 casu
608 1489 672 1523 &c
689 1507 730 1513 —-
752 1486 922 1533 Responsa
941 1487 985 1522 ab
998 1487 1205 1533 ampliffimis
1225 1487 1378 1523 Patribus
1392 1486 1470 1520 data
1487 1487 1558 1522 haec
1571 1486 1668 1520 sunt:
1692 1488 1748 1522 Ad

342 1530 522 1576 septimum
551 1533 752 1571 affirmative
774 1534 888 1581 quoad
910 1544 1088 1581 utramque
1101 1546 1253 1580 partem.
1280 1536 1335 1570 Ad
1356 1535 1514 1569 ooavum
1528 1532 1746 1585 affirmative,

343 1579 524 1615 dummodo
549 1581 675 1618 Clerus
697 1584 729 1617 S.
747 1583 887 1618 Nicolai
906 1583 1067 1618 invitetur
1081 1611 1088 1618 .
1118 1583 1177 1619 Ad
1203 1582 1373 1618 decimum
1393 1582 1554 1616 Servetur
1579 1580 1717 1616 solitum
1736 1605 1747 1616 .

342 1623 399 1658 Ad
411 1626 626 1664 undecimum
650 1638 845 1676 competere
871 1630 1024 1666 Ecclestae
1048 1630 1081 1666 S.
1099 1631 1259 1669 Nicolai,
1286 1629 1447 1665 &horam
1474 1626 1745 1672 designandam„

345 1669 410 1707 effe
432 1674 475 1707 ab
493 1674 662 1722 Episcopo
678 1704 688 1716 ,
718 1679 749 1712 δι
779 1678 810 1712 in
826 1677 966 1726 reliquis
992 1677 1150 1724 negative
1166 1703 1173 1711 .
1197 1678 1254 1713 Ad
1278 1675 1518 1712 duodecimum
1542 1673 1746 1711 affirmative

341 1721 383 1756 de
406 1718 547 1758 licentia
571 1732 686 1759 tamen
711 1724 889 1770 Episcopi,
914 1726 1095 1761 dummodo
1117 1724 1312 1771 stipendium
1335 1722 1484 1757 solvatur
1509 1721 1554 1756 ab
1565 1722 1747 1759 Ecclesia..

344 1769 374 1803 S.
389 1766 530 1805 Mariae.
555 1771 612 1805 Ad
627 1770 938 1808 decimumtertium
962 1772 1145 1819 negative.
1175 1773 1230 1807 Ad
1252 1770 1581 1815 decimumquartum
1602 1768 1748 1821 affirma-

343 1816 414 1850 tive
429 1814 490 1850 sub
502 1818 608 1860 poenis
621 1818 772 1854 arbitrio
788 1843 797 1852 .
809 1838 846 1844 —-
860 1820 1011 1855 Videant
1026 1819 1130 1865 igitur
1145 1817 1405 1855 Eminentiffimi
1421 1817 1537 1851 Patres
1548 1841 1558 1855 ,
1582 1828 1647 1862 qua
1660 1817 1746 1867 luris

340 1862 474 1897 ratione
484 1864 732 1910 expediendum
745 1866 783 1900 sit
796 1867 949 1902 Dubium
964 1867 1030 1902 IX.
1048 1866 1088 1900 Et
1102 1878 1142 1901 an
1159 1865 1354 1901 mutandum
1367 1863 1405 1898 fit
1419 1863 1595 1904 Judicium
1621 1865 1656 1898 in
1669 1863 1746 1899 aliis

340 1909 525 1954 Capitibus
540 1937 550 1950 ‚
575 1911 619 1946 de
642 1914 763 1958 quibus
781 1914 905 1949 iterum
928 1914 1119 1960 disputatio
1139 1914 1350 1949 instituitur3
1375 1911 1420 1946 est
1445 1911 1564 1962 itaque·
1575 1910 1748 1946 Dubium.

294 1955 360 1991 IX.
385 1956 443 1991 An
455 1957 744 2006 Archipresbyter
757 1986 766 1999 ,
789 1962 821 1995 &
841 1960 966 1996 Clerus
976 1962 1010 1996 S.
1023 1962 1143 1996 Mariae
1158 1971 1230 1995 tam
1247 1962 1280 1994 in
1296 1957 1425 2003 Vigilia
1440 1957 1647 1991 Nativitatis
1658 1957 1744 2009 *Do-

339 2004 424 2038 mini
441 2030 450 2042 ‚
474 2015 574 2048 quam
591 2005 626 2039 in
638 2006 784 2042 Sabatho
799 2007 944 2047 Maioris
962 2008 1191 2043 Hebdomada:
1207 2015 1364 2042 teneatur
1388 2003 1538 2050 praestare
1560 2004 1746 2050 Archipre-

339 2051 480 2096 sbytero
500 2051 531 2086 S.
549 2051 875 2090 NicolaiCandelas
889 2054 1111 2100 longitudinis
1127 2055 1319 2101 palmorum
1338 2052 1462 2097 septem
1485 2062 1570 2087 cerae
1597 2050 1745 2092 usualis,

337 2096 418 2131 bina
446 2098 615 2134 bucellata
631 2100 728 2147 panis
740 2126 750 2139 ,
774 2113 941 2148 unamque
953 2101 1132 2137 Gallinam
1147 2103 1180 2137 in
1193 2101 1272 2137 casu
1285 2101 1352 2135 &c.

291 2144 351 2180 'An
367 2142 411 2186 fit
429 2143 582 2185 standum
597 2172 607 2185 ‚
633 2149 694 2185 vel
717 2151 934 2185 recedendum
960 2163 980 2184 a
1005 2149 1121 2193 decisis
1146 2152 1257 2197 quoad
1282 2152 1354 2184 VII.
1385 2151 1474 2182 VIII.
1494 2152 1534 2181 X.
1558 2149 1634 2181 XII·
1652 2150 1742 2180 XIII-

338 2195 429 2225 XVI.
456 2192 568 2227 Dubia
591 2197 625 2229 in
638 2196 712 2239 cafit
743 2200 817 2232 &c-

386 2285 442 2319 Ad
461 2295 585 2319 nonum
610 2289 768 2332 negative
782 2316 791 2330 ‚
815 2290 845 2324 ὅ(
860 2291 1029 2336 amplius,
1052 2291 1108 2327 Ad
1124 2291 1302 2337 septimum
1319 2315 1328 2328 ‚
1351 2289 1506 2323 ossavum
1521 2314 1531 2328 2
1559 2286 1741 2324 decimum·

289 2332 521 2366 duodecimum
546 2359 556 2372 ‚
585 2333 616 2368 δι
632 2334 943 2373 decimumtertium
963 2337 999 2372 in
1011 2338 1150 2378 decisis,
1175 2337 1275 2372 salvis
1301 2335 1430 2378 juribus
1457 2333 1609 2369 Ecclesiae
1626 2331 1741 2384 S3Ma·

288 2378 348 2412 riae
362 2404 371 2417 ,
395 2379 508 2424 quoad
530 2379 706 2425 praetensas
719 2382 883 2418 Ecclesias
897 2384 1021 2419 filiales
1049 2393 1182 2421 tantum
1196 2410 1206 2424 ‚
1229 2392 1331 2430 prout
1355 2384 1394 2416 de
1408 2382 1480 2424 jure
1495 2407 1506 2422 ,
1529 2382 1561 2416 δι
1573 2390 1713 2426 amplius
1727 2403 1739 2414 .

39 2510 244 2579 {esau-⁶⁸¹⁸·
287 2514 354 2599 P
368 2517 693 2570 OLICASTREN.
713 2521 1049 2561 PAROCHIALIS
1078 2537 1089 2562 ;
1113 2523 1217 2559 Redit
1238 2525 1277 2559 ad
1303 2523 1623 2576 iudicium-patrum
1646 2519 1742 2562 Emi-

61 2561 74 2577 ε
113 2550 149 2589 ‘fi
246 2569 251 2573 ·
379 2566 645 2603 nentissimorum
668 2569 739 2604 haec
759 2571 894 2611 Causa³
918 2583 991 2616 qua:
1018 2569 1189 2617 proposita
1215 2571 1249 2606 in
1278 2571 1552 2617 congregatione
1586 2569 1654 2606 diei
1685 2572 1744 2605 28.

338 2611 484 2657 Augusti
499 2614 576 2647 anni
602 2615 756 2651 transacti
776 2629 873 2664 1745.
903 2617 1044 2653 definita
1061 2618 1124 2654 fuit
1137 2618 1173 2653 in
1187 2619 1293 2653 altera
1308 2617 1587 2665 Congregatione
1599 2615 1665 2652 diei
1687 2619 1740 2654 18.

337 2656 545 2702 Septembris
566 2672 662 2701 1745·
678 2662 881 2710 Disputatio
917 2665 1028 2701 omnis
1054 2674 1201 2712 quatuor
1228 2664 1406 2710 Capitibus
1419 2665 1595 2710 complexa
1607 2664 1740 2700 fuerat:

338 2708 364 2737 J.
385 2710 443 2743 „An
456 2706 578 2747 constet
591 2709 628 2743 de
645 2711 810 2749 nullitate
824 2713 1003 2757 concursus
1018 2711 1168 2754 fcsclefiae
1195 2712 1416 2748 Parachialis
1444 2718 1552 2748 Lacus
1573 2712 1679 2749 liberi
1708 2710 1743 2783 {n

1665 2768 1739 2801 [ᾦα
