1883 2907
99 517 219 555 Sesm5.
229 526 283 553 αφ.

100 563 135 587 de
147 559 212 598 R‘fi

390 39 427 71 ιδ

338 88 361 118 J,
386 86 444 118 ‚An
463 81 505 115 ej*
520 74 867 122 quomodofiebfidium
883 98 895 112 ,
915 77 978 118 stu
994 74 1263 122 affgnamentum
1288 72 1445 112 reliam&
1470 86 1491 109 a
1504 74 1560 112 bo.
1577 86 1677 113 mem.
1689 79 1790 123 ‘yos'e—

467 124 535 171 pho
561 122 702 163 Mulieri
717 132 782 170 pro
797 122 1002 170 Virginibus
1026 125 1206 159 educandis
1227 121 1273 165 sit
1295 124 1529 171 applicandum
1551 133 1617 171 pro
1630 126 1707 163 dote
1715 127 1790 175 spi-

472 170 598 205 ritnali
621 176 664 204 D.
678 173 797 204 Mariae
811 170 949 204 =Attilia
966 171 1124 206 ‘Palnzzi
1137 196 1148 210 ,
1174 173 1209 205 in
1220 171 1297 214 casis
1310 175 1385 208 &a

335 224 377 255 ΙΙ.
401 223 459 253 An
471 216 636 254 debeatur
649 218 856 254 Acconcium
870 241 881 256 .
907 221 952 254 Θ*
973 218 1148 254 Livellum
1174 219 1210 253 ἱη
1233 219 1311 263 casu
1323 219 1578 256 Monacationis
1602 219 1755 268 ejusdem
1772 247 1784 260 .

426 357 551 395 Dilata
575 358 615 393 ad
639 357 848 404 sequentem.

333 499 412 584 C
429 499 558 536 AESEN
568 498 688 539 ATN.
714 497 805 534 Bona
830 499 943 534 omnia
959 499 1014 534 sua
1028 500 1148 583 Jose'ph
1172 500 1378 547 Verzaglius
1392 499 1532 548 reliquit
1545 501 1788 552 primogenitis

437 548 590 583 masculis
604 546 686 588 Julii
700 546 843 582 Caesaris
856 573 865 586 ,
895 547 926 582 δι
939 547 1077 588 joannis
1121 549 1247 596 aptistae
1264 548 1406 585 fratrum
1420 548 1552 584 suorum
1565 576 1575 590 ‚
1602 550 1734 593 adjecto
1747 564 1788 588 o-

377 606 459 631 nere
471 594 615 638 plurium
636 592 801 628 sacrorum
834 593 1021 640 indictaque
1053 608 1152 641 poena
1177 598 1398 636 caducitatis,
1425 595 1447 631 sl
1466 597 1582 632 datum
1613 609 1701 636 onus
1725 611 1791 636 ne-

375 641 559 688 glexissent
582 667 591 680 ,
617 652 679 675 nec
696 640 873 676 edidissent
888 641 1118 689 syngraphas,
1144 645 1176 679 δι
1200 645 1416 689 probationes
1438 644 1609 680 sacrorum
1639 647 1789 683 aetorum

376 700 490 724 coram
502 686 728 723 Ctesenatenfi
754 687 936 727 Concilio,
961 690 1016 724 cui
1039 701 1080 726 eo
1095 691 1170 727 casu
1195 691 1283 734 iuffit
1303 692 1429 727 deferri
1460 692 1727 733 haereditatem,
1749 695 1785 729 δε

375 736 428 778 jus
442 736 531 770 sorte
547 734 714 771 educendi
735 747 840 770 unum
853 748 897 770 ex
909 745 1050 782 quatuor
1069 737 1160 774 Viris
1185 738 1303 774 Urblci
1330 738 1544 785 Magistratus
1564 766 1574 780 ,
1599 740 1660 787 qui
1684 741 1787 778 illam

373 782 645 821 administraret,
669 781 795 828 fibique
808 783 947 818 haberet
971 785 1095 820 eadem
1121 786 1319 824 conditione
1345 812 1356 826 ,
1376 789 1564 834 eademque
1591 798 1692 832 poena
1717 799 1783 824 ca-

373 829 533 864 ducitatis
548 857 555 866 .
583 828 757 865 Defuncto
770 830 899 864 hxrede
926 829 1196 868 Testamentario
1222 833 1414 881 Hyppolito
1430 833 1618 880 Verzaglio
1637 861 1647 874 ‚
1672 835 1785 871 haere-

372 876 514 911 ditarem
538 876 622 912 adiit
646 874 803 911 Lucretia
821 876 1028 923 Bologhinia
1043 879 1224 925 Verzaglia
1237 906 1247 919 ‚
1269 892 1342 926 quae
1355 882 1468 927 paruit
1489 881 1583 916 oneri
1600 881 1784 921 sacrorum,

371 923 538 969 ediditque
562 934 676 958 coram
689 922 851 958 Concilio
861 925 1061 960 documenta
1085 927 1222 972 impleti
1236 929 1353 963 oneris
1370 953 1381 967 ,
1402 939 1442 962 ne
1459 927 1570 963 fraudi
1583 931 1614 963 ei
1631 928 1712 964 ess'et
1728 940 1787 964 ne·

373 970 539 1016 gligentia
567 983 576 1003 ε
603 979 758 1005 metuens
793 982 877 1006 vero
923 983 966 1006 ne
997 972 1055 1008 fibi
1092 973 1163 1010 haec
1187 975 1405 1020 imposterum
1444 986 1545 1021 poena
1581 976 1781 1018 immineat,

372 1028 459 1052 neve
473 1017 541 1051 haec
557 1016 721 1058 Concilio
737 1018 835 1052 causa
847 1016 906 1053 fiat
921 1017 1094 1056 affectandi
1108 1021 1342 1062 haereditatem
1354 1048 1364 1061 ,
1391 1024 1428 1057 ad
1444 1033 1548 1067 quam
1561 1021 1783 1060 substitutum

373 1062 438 1099 fuit
465 1064 498 1100 in
516 1063 593 1099 casu
616 1064 832 1112 negligentia:
856 1091 867 1105 ,
888 1065 947 1100 vel
971 1068 1076 1113 culpa:
1101 1067 1307 1113 Scriptorum
1335 1070 1499 1105 haeredum
1525 1069 1712 1115 postulavit
1741 1072 1784 1106 ab

371 1111 506 1158 optimo
527 1110 750 1159 Maximoque
763 1112 921 1157 Principe
944 1114 1059 1151 nostro
1078 1114 1276 1152 facultatem
1306 1116 1490 1164 assignandi
1518 1116 1661 1152 fundum
1693 1117 1779 1152 libe-

370 1169 466 1198 rum,
491 1158 587 1199 cujus
601 1157 756 1195 frufflbus
783 1159 916 1204 impleri
941 1161 1038 1206 poffit
1061 1175 1144 1198 onus
1169 1163 1410 1200 Anniversarii
1429 1190 1438 1203 ,
1472 1166 1504 1200 &
1530 1164 1700 1200 sacrorum
1721 1159 1781 1200 ἰ.

373 1204 533 1241 testatore
548 1205 757 1248 injunctum,
784 1207 815 1242 δι
833 1208 896 1242 hac
915 1207 1044 1245 ratione
1068 1210 1199 1246 vitetur
1223 1212 1395 1247 caducitas
1418 1211 1625 1246 haereditatis
1650 1212 1752 1256 culpa
1770 1237 1783 1252 ‚

372 1252 429 1286 vel
442 1251 654 1298 negligentia
667 1252 837 1291 haeredum
850 1254 1072 1293 incurrenda.
1104 1258 1200 1293 Data
1218 1257 1281 1293 fuit
1309 1257 1514 1306 a‘upliffimis
1526 1258 1685 1293 Patribus
1711 1269 1781 1303 po-

371 1297 561 1334 stulationis
580 1299 678 1344 hujus
692 1301 868 1348 cognitio,
891 1303 1088 1352 auditusque
1102 1331 1111 1344 ‚
1138 1316 1175 1342 ut
1190 1304 1263 1342 fieri
1281 1305 1386 1347 solet,
1413 1305 1598 1352 Episcopus
1618 1304 1782 1341 Caesena-

372 1346 515 1381 natensis
527 1347 704 1383 secundam
719 1348 917 1386 Lucretiam
932 1351 1102 1397 respondit
1115 1367 1126 1393 ;
1151 1354 1203 1389 At
1216 1364 1296 1390 cum
1308 1351 1373 1387 sese
1386 1353 1545 1398 petitioni
1574 1352 1657 1387 huic
1671 1364 1783 1395 oppo-
1836 1387 1839 1390 .

372 1401 439 1476 ἑηὲ
450 1392 669 1476 Qngffium'»
692 1395 929 1434 Controversia
951 1399 1078 1435 duobus
1101 1401 1244 1437 collecta
1267 1399 1435 1446 capitibus
1461 1399 1664 1447 proponitur
1692 1410 1784 1436 nune

394 1452 411 1475 e
440 1451 516 1475 nien
543 1452 587 1476 a.

330 1487 447 1525 Primo
462 1487 586 1534 Capite
601 1488 746 1535 disputat
758 1491 921 1529 Lucretia
933 1520 943 1534 ,
968 1493 1002 1528 &
1016 1495 1194 1532 voluntate
1208 1493 1401 1532 Testatoris
1429 1494 1504 1540 cogi
1527 1504 1602 1528 eam
1628 1504 1697 1528 non
1710 1493 1785 1538 pos-

378 1534 433 1575 se,
459 1545 523 1570 nec
537 1534 624 1571 affici
639 1549 738 1582 poem
753 1541 951 1577 caducitatis
964 1568 974 1581 ,
997 1553 1072 1588 quae
1094 1546 1171 1579 data
1183 1570 1193 1584 ,
1217 1543 1406 1588 {radiataque
1424 1541 1471 1576 est
1489 1540 1780 1577 haeredibusscri-

376 1582 443 1627 ptis
459 1608 469 1621 ‚
494 1593 574 1617 cum
591 1586 691 1618 verba
707 1586 891 1623 testamenti
915 1590 954 1624 ad
977 1588 1133 1627 haeredes
1147 1592 1308 1637 scriptos,
1332 1601 1398 1624 non
1416 1590 1454 1624 ad
1473 1587 1647 1635 legitimos
1665 1600 1782 1634 ,qua-

377 1629 421 1664 lis
445 1641 484 1663 ea
506 1628 552 1664 est
580 1655 589 1669 ‚
613 1631 738 1666 directa
764 1631 850 1676 sint,
876 1636 965 1671 itaut
988 1648 1074 1672 on-xs
1096 1640 1254 1686 personas
1280 1638 1439 1684 sequatur
1459 1647 1521 1670 nec
1550 1634 1632 1670 illas
1661 1635 1781 1681 egredi

377 1676 495 1722 poflit,
518 1687 580 1712 nec
609 1679 738 1726 porrigi
758 1706 767 1719 ‚
795 1682 1093 1726 &extendionus‚
1118 1688 1149 1721 &
1177 1698 1274 1731 paena
1290 1712 1301 1726 ‚
1324 1696 1400 1732 quae
1425 1681 1626 1718 odiosuiima
1656 1682 1784 1725 injure

379 1722 490 1758 nostro
503 1722 600 1765 sunt,
628 1736 720 1761 extra
736 1728 892 1772 personas
904 1730 1090 1776 expressas,
1116 1734 1148 1768 ὅ(
1169 1733 1373 1779 designatas:
1403 1742 1480 1767 cum
1506 1728 1612 1776 igitur
1638 1728 1787 1776 scripti,

382 1770 416 1804 &
452 1770 568 1805 vocati
610 1781 744 1808 tantum
777 1773 902 1810 fuerint
941 1779 1158 1825 primogeniti
1195 1778 1335 1816 masculi
1369 1789 1412 1813 ex
1445 1776 1605 1812 fratribus
1634 1776 1780 1815 descen-

381 1815 503 1868 dent-es
554 1829 635 1862 quos
648 1820 738 1856 solos
763 1822 898 1858 testator
921 1825 1069 1870 expreffe
1083 1828 1248 1868 vocavit,
1269 1825 1453 1874 quibusque
1479 1823 1558 1859 solis
1586 1822 1784 1875 exhaeredat·
1820 1850 1822 1854 ψ

383 1872 487 1898 tionis
528 1865 641 1899 ulmen
662 1868 843 1904 intendere
868 1872 981 1906 voluit
1001 1898 1011 1912 ‚
1036 1873 1060 1908 fi
1083 1877 1197 1913 datum
1223 1886 1311 1910 onus
1339 1875 1526 1910 sacrorum,
1556 1870 1587 1904 δι
1614 1870 1784 1910 editionis

385 1911 589 1955 apocharum
609 1913 825 1960 negligerent
838 1943 849 1956 ,
876 1918 1078 1965 consequens
1105 1922 1168 1958 effe
1190 1922 1334 1962 debeat,
1362 1931 1399 1955 ut
1415 1917 1572 1953 Lucretia
1588 1943 1598 1955 ‚
1624 1929 1697 1962 ςυστ
1711 1928 1781 1953 nou

384 1957 450 1992 fuit
472 1960 572 1993 hxres
589 1958 713 2006 scripta
730 1987 740 2000 ‚
760 1963 791 1996 &
810 1973 932 1999 vocata
947 1977 965 1999 a
980 1965 1136 2003 testatore
1151 1997 1162 2010 ‚
1182 1969 1237 2004 sed
1259 1980 1276 2002 a
1293 1968 1368 2014 lege
1383 1966 1422 2000 ad
1437 1964 1620 2000 luctuosam
1637 1962 1700 1999 filii
1715 1964 1782 1999 hae-

384 2005 562 2055 reditatem
575 2033 585 2046 ,
610 2019 704 2053 prena
719 2008 782 2043 illa
796 2011 883 2046 affici
911 2023 979 2048 non
994 2016 1088 2060 poffit
1099 2043 1109 2056 ,
1135 2028 1198 2054 nec
1211 2024 1346 2050 mutare
1370 2021 1572 2060 perpetuam
1591 2009 1656 2047 esse
1670 2011 1716 2057 pii
1727 2022 1782 2046 re-

382 2051 453 2093 iiCti
481 2060 660 2095 naturam,
685 2055 831 2103 ideoque
854 2069 1052 2103 perpetuum
1070 2065 1174 2099 etiam
1194 2063 1257 2098 esse
1287 2063 1432 2100 debere,
1454 2060 1486 2093 δι
1515 2059 1549 2094 in
1571 2070 1689 2094 ornnes
1716 2058 1784 2093 five

382 2096 542 2141 scriptos.
561 2099 626 2151 sive
647 2102 818 2148 legitimos
843 2105 993 2143 haeredes
1013 2110 1234 2157 propagabile
1256 2121 1341 2145 onus
1366 2108 1484 2143 edendi
1497 2105 1701 2157 syngraphas
1715 2131 1725 2144 ²
1750 2105 1784 2140 &

380 2155 516 2190 poenam
531 2147 778 2196 negligentibus
791 2152 923 2191 datam3
949 2166 1025 2190 nam
1043 2156 1141 2204 longe
1155 2157 1286 2193 diversa
1299 2183 1309 2197 ‚
1335 2157 1366 2191 &
1381 2153 1534 2190 distantia
1548 2150 1612 2190 esse
1623 2153 1706 2187 dicit
1719 2152 1784 2197 hec

383 2192 471 2231 duo,
498 2191 669 2237 obligatio
692 2195 858 2233 sacrorum
876 2227 885 2239 ,
909 2202 940 2234 &
956 2213 1047 2245 paena
1071 2205 1274 2240 caducitatis
1288 2230 1297 2243 ,
1319 2200 1570 2245 obligationem
1586 2209 1783 2245 perpetuam

384 2236 450 2288 esse
470 2237 609 2279 fatetur,
622 2251 754 2285 poenam
768 2255 869 2290 negat
884 2273 892 2286 ,
919 2249 973 2282 cui
988 2249 1082 2286 locus
1100 2263 1166 2286 non
1180 2251 1218 2285 fit
1231 2277 1241 2290 ,
1265 2250 1324 2284 nisi
1338 2256 1454 2283 contra
1466 2257 1547 2291 quos
1567 2258 1641 2282 eam
1669 2245 1781 2281 inter-

387 2286 600 2336 minatus-est
617 2287 848 2336 testatorsnon
863 2305 948 2327 vero
966 2305 1083 2332 contra
1107 2310 1162 2333 eos
1176 2324 1186 2336 ‚
1207 2298 1265 2343 qui
1279 2297 1423 2332 veniunt
1437 2305 1477 2328 ex
1490 2293 1603 2329 aliena
1627 2294 1782 2329 vocatio-

388 2342 429 2365 ne
445 2357 454 2370 ,
481 2333 566 2377 legis
586 2333 715 2369 scilicet
729 2336 800 2382 post
822 2338 966 2374 defectos
992 2342 1138 2379 haeredes
1161 2344 1362 2379 testamento
1386 2348 1546 2376 vocatos·

342 2376 466 2412 Altero
483 2380 591 2424 capite
615 2380 762 2422 differit,
788 2394 826 2418 ut
851 2385 873 2419 fi
903 2386 1113 2424 difficultatis
1135 2391 1260 2436 aliquid
1285 2389 1418 2436 supersit
1438 2411 1449 2426 2
1473 2386 1718 2424 consulendum
1742 2386 1783 2422 fit

390 2424 592 2477 33¹²fflss¹mo
615 2440 674 2473 pro
693 2430 807 2476 gratia
832 2433 1018 2479 aflignandi
1044 2436 1181 2471 fundum
1196 2438 1359 2475 liberum,
1382 2436 1478 2477 cujus
1493 2434 1681 2471 redditibus
1696 2444 1784 2481 opus

388 2479 482 2513 plum
496 2474 674 2523 impleatur
687 2479 902 2514 metuendum
924 2482 1014 2516 enim
1029 2484 1135 2523 marris
1164 2484 1209 2519 est
1235 2485 1274 2519 de
1289 2483 1555 2529 adimplemento
1579 2480 1777 2520 voluntatis

391 2514 556 2565 Defunffl,
569 2545 578 2558 2
601 2520 624 2555 fi
639 2523 815 2560 hereditas
836 2527 869 2561 in
888 2527 1001 2572 piures
1019 2521 1164 2567 haeredes
1177 2532 1350 2567 dividatur
1363 2557 1373 2570 ‚
1387 2536 1402 2572 (
1417 2530 1448 2564 ὅ(
1465 2527 1635 2580 partienda
1649 2531 1783 2577 quidem

392 2571 460 2616 5¹³}
485 2562 555 2607 post
567 2566 697 2618 0b{1um
719 2571 884 2608 Lucreti&
900 2575 938 2619 )‚
957 2577 989 2610 δι
1002 2578 1140 2623 quisque
1164 2577 1221 2614 fibi
1236 2580 1341 2614 sumat
1356 2586 1484 2623 partem
1497 2602 1507 2616 ‚
1527 2584 1564 2611 ut
1577 2575 1787 2612 haeredltatis

392 2616 466 2651 na,
491 2610 662 2648 &onerist
685 2614 786 2652 facile
813 2630 957 2666 namque
982 2625 1181 2670 contingere
1206 2625 1364 2672 potbrit‚
1387 2623 1493 2669 utqui
1519 2620 1788 2700 pauperiores&

567 2678 570 2680 ’
1645 2702 1648 2705 .
1677 2679 1740 2714 neg
1757 2678 1784 2700 i-
