1874 2961
166 133 431 180 processionibus
442 141 509 168 tam
522 130 726 171 ordinariis,
750 143 852 179 qnam
865 130 1145 168 extraordinariis
1179 131 1332 167 Ecclesiae
1357 130 1487 167 Cathe-

166 181 268 217 drali's
281 180 296 216 ‚²
322 186 364 219 cb*
379 192 546 228 (s'mtenus
560 180 764 225 affirmative
778 205 788 214 .

29 226 113 263 XII.
141 229 198 264 An
211 254 221 267 ‚
240 230 271 264 δι
283 241 301 264 a
312 240 377 275 quo
390 228 492 263 indici
507 229 644 263 valeant
657 228 886 274 processiones
900 227 1174 263 extraordinaria:
1187 226 1220 261 in
1235 226 1310 261 casu
1327 228 1391 261 ὄις.
1463 272 1469 276 Ι

27 274 131 310 xiil.
157 278 215 311 An
233 276 338 311 iidem
352 275 523 311 Canonici
542 275 804 311 Hebdomadari'i
819 275 1023 324 participare
1035 276 1181 310 debeant
1193 278 1232 309 de
1247 274 1487 308 emolumentis

169 325 219 359 dd.
239 322 482 370 proceflionum
499 350 508 363 ‚
539 323 570 357 &
585 322 721 369 quando
738 323 770 358 in
781 323 857 359 casu
872 325 937 360 &c.

27 367 131 406 xlv.
158 372 215 406 An
231 371 500 406 Hebdomadarii
515 369 549 404 in
567 371 766 415 peragendis
794 371 967 408 funeribus
991 379 1173 408 teneantur
1199 381 1267 404 non
1287 366 1398 403 solum
1423 367 1486 401 dc-

169 419 352 453 tunctorum
365 418 529 453 cadavera
543 416 705 452 associare
721 419 761 453 ad
776 418 955 454 Ecclesiam
968 447 977 459 ‚
1003 430 1120 454 verum
1153 416 1256 452 etiam
1282 426 1347 450 una
1376 425 1489 449 cum-2

167 465 410 512 Dignitatibus
423 466 473 509 ,δι
487 464 672 501 Canonicis
690 464 917 502 Praebendatis
931 493 941 506 ‚
959 479 998 503 ac
1015 463 1321 513 supranumetariis
1335 461 1483 507 ipsorum

168 512 330 559 Exequiis
342 513 483 549 assistere
497 512 510 547 ,ἶ
533 519 576 550 &⁹
590 521 758 558 quatenus
777 514 981 558 affirmativi·
992 540 1002 549 .

27 559 114 596 XV.
140 560 200 596 An
213 585 223 599 ‚
247 562 276 595 ἃ
289 558 331 596 de
343 562 466 607 quibus
482 558 727 594 emolumentis
738 561 947 606 participare
960 562 1111 597 debeant
1123 561 1160 598 in
1171 557 1248 595 casu
1263 559 1330 595 &c-

26 605 134 645 XVI.
161 613 219 642 An
235 608 379 653 praedicti
396 606 659 642 Hebdomadarii
674 615 854 643 teneantur
870 619 986 644 omnes
1003 607 1118 644 Missas
1141 602 1400 643 conventuales
1424 613 1487 638 ca-

170 667 248 689 nere
262 682 271 694 ‚
295 655 430 701 quando
442 667 484 689 ex
498 651 692 700 prtescripto
707 653 938 691 Rubricatum
952 668 1021 691 non
1037 667 1104 691 una
1119 682 1129 697 ‚
1152 654 1205 689 sed
1221 653 1292 689 dua:
1306 679 1316 693 ,
1344 650 1401 687 vel
1414 658 1486 701 tres

167 713 265 737 erunt
279 704 433 736 canendae
445 728 455 742 ,
482 700 547 735 sive
560 699 672 743 potius
685 701 723 734 ad
736 713 835 737 unam
851 712 982 738 tantum
996 712 1175 738 teneantur
1189 702 1223 736 in
1237 699 1314 735 casu
1329 700 1396 734 &c.
1471 705 1473 708 “

30 748 152 786 XVII.
180 750 236 784 An
250 751 288 783 ad
300 749 412 783 omnia
424 749 574 794 praediila
589 747 725 782 servitia
738 748 844 784 Chori
860 760 1038 786 teneantur
1052 751 1155 797 perse
1168 748 1252 796 ipsos
1267 775 1276 788 ,
1293 747 1353 782 vel
1373 744 1486 792 potius

169 796 282 831 eadem
294 795 450 843 supplere
466 796 587 841 poflint
600 805 658 839 per
668 794 862 832 substitutos
877 797 912 832 in
926 798 1003 833 casu
1015 799 1078 834 διε.

32 843 171 880 xviii.
196 846 254 878 An
269 844 370 879 iidem
384 843 649 878 Hebdomadarii
664 841 796 878 insimul
813 845 961 881 retinere
973 844 1107 892 possint
1133 845 1366 888 quodcumque
1381 838 1486 874 Bene-

170 888 285 926 ficium
301 917 309 931 ³
334 892 389 926 vel
404 890 565 926 Officium
583 899 650 924 tam
664 888 698 923 in
712 888 871 926 Civitate
889 919 898 932 ‚
918 904 1022 939 quam
1048 894 1082 928 in
1102 890 1253 926 Dioecesi
1267 914 1277 928 ,
1295 887 1386 934 quod
1399 897 1486 938 quo-

151 955 154 960 ⁸
173 938 358 974 modolibet
377 938 567 986 impediat,
591 937 648 971 vel
663 936 920 986 incompatibile
933 939 972 975 sit
985 952 1060 976 cum
1075 938 1212 975 servitio
1229 936 1312 972 dicti
1327 934 1438 970 Chori
1452 943 1488 968 in

175 986 253 1021 casu
268 987 335 1021 ὄις.
365 1011 369 1015 .

38 1032 142 1070 xlx.
168 1035 227 1068 An
240 1045 302 1081 pro
313 1033 533 1079 implemento
545 1030 695 1067 omnium
707 1032 1047 1077 praediuorumiidem
1064 1032 1233 1070 Canonici
1252 1028 1488 1080 Hebdomada-

169 1082 212 1116 rii
227 1090 404 1116 teneantur
419 1079 479 1115 fibi
495 1079 572 1126 ipsis
585 1078 783 1127 constituere
800 1080 944 1117 Maffam
960 1080 1228 1118 distributionum
1243 1104 1254 1118 ‚
1279 1080 1309 1114 &
1326 1075 1487 1122 respecti-

171 1141 212 1162 ve
227 1131 502 1174 punQaturarum
513 1153 522 1166 ‚
544 1127 611 1162 sive
625 1126 734 1171 potius
748 1125 1002 1164 distributiones
1018 1127 1377 1164 Hebdomadariorum
1395 1134 1487 1158 con-

173 1175 350 1211 stitueridae
363 1174 426 1210 sirit
440 1187 483 1210 ex
498 1173 598 1209 massa
609 1173 790 1220 capitulari
807 1174 821 1208 ,ἶ
844 1180 888 1213 &0
914 1187 1083 1223 quatenus
1109 1177 1274 1221 negative
1302 1172 1413 1220 quoad
1428 1171 1486 1214 se-

171 1225 309 1258 fundam
316 1232 453 1271 partem
466 1248 475 1257 .

38 1268 236 1352 XX'sAgz’
263 1271 296 1306 8<
318 1268 491 1316 quomodo
515 1268 761 1318 providendum
781 1266 819 1303 sit
839 1281 900 1319 pro
924 1270 1016 1308 dictis
1042 1268 1339 1309 distributionibus
1362 1265 1399 1301 in
1427 1275 1486 1301 ea-

145 1331 167 1353 u
225 1329 253 1352 c.
662 1340 663 1343 η

76 1465 83 1471 ⁸
123 1417 247 1453 Dilata
272 1419 311 1453 ad
337 1418 557 1466 sequentem.

119 1554 308 1593 RlXIEN.
339 1555 732 1593 RESTITUTIONIS
771 1558 825 1593 IN
853 1556 1123 1600 INTEGRUM
1149 1585 1157 1593 .
1199 1554 1264 1590 Rei
1294 1549 1488 1587 ‘familiaris

131 1603 279 1648 angustia
295 1605 488 1657 compulsus
502 1604 756 1641 Fr.Franciscus
776 1604 913 1641 Nolfius
927 1605 993 1640 sese
1011 1607 1045 1640 in
1060 1615 1162 1648 parvo
1178 1600 1385 1636 Monasterio
1400 1596 1486 1630 San-

77 1649 122 1684 oi
143 1649 232 1684 Petri
249 1652 386 1686 Ordinis
399 1652 586 1687 Servorum
602 1652 636 1686 B.
652 1652 772 1688 Mariae
791 1653 827 1687 in
842 1653 983 1705 Oppido
995 1649 1190 1687 Castilionis
1204 1646 1333 1693 recepit
1349 1671 1359 1684 ,
1375 1644 1490 1689 ibique
1520 1677 1523 1680 .

80 1697 152 1731 suas
166 1696 317 1741 praestitit
332 1710 455 1745 operas
469 1698 518 1733 uti
533 1698 740 1735 Commiffus
751 1700 918 1736 saecularis
933 1701 1025 1741 juxta
1038 1709 1168 1732 morem
1197 1695 1293 1732 illius
1321 1691 1464 1726 Ordinis
1478 1714 1488 1724 .
1531 1702 1534 1704 ’

80 1744 120 1778 Et
135 1744 286 1788 primo&
301 1745 515 1791 sequentibus
532 1747 646 1785 annis,
678 1747 737 1782 diu
751 1773 761 1785 ‚
784 1748 953 1793 noctuque
967 1758 984 1780 a
999 1742 1202 1781 Monasterio
1215 1738 1364 1777 discessit
1379 1738 1489 1781 indul-

79 1791 194 1838 gentia
211 1791 442 1837 praefectorum
455 1819 466 1834 ‚
491 1794 524 1828 &
539 1795 576 1827 ad
586 1795 708 1828 amicos
722 1794 864 1829 divertit
879 1821 888 1836 ‚
910 1793 1108 1840 quibuscum
1133 1788 1280 1824 Choreis
1297 1814 1307 1826 ,
1335 1787 1367 1820 &
1381 1785 1489 1837 Salta-

79 1839 231 1873 tioriibus
251 1839 437 1880 intererat,
462 1841 683 1885 coenabatque
704 1842 795 1875 laute
809 1868 818 1880 ,
842 1840 1048 1885 cubavitque
1066 1839 1169 1873 etiam
1194 1836 1282 1870 veste
1311 1833 1487 1869 saeculari;

77 1885 146 1922 ivit
161 1912 171 1925 ,
195 1886 393 1933 redivitque
405 1913 414 1926 ‚
441 1888 573 1933 quoties
593 1887 770 1926 collibuit,
787 1889 884 1923 nullo
896 1897 1078 1924 monente,
1102 1885 1201 1920 nullo
1216 1883 1413 1925 increpante
1426 1890 1489 1930 ‘³9-

78 1944 152 1968 rum
170 1959 179 1972 ,
206 1945 350 1978 quorum
364 1933 497 1969 suberat
510 1933 656 1979 imperio
671 1959 680 1969 .
706 1934 795 1969 Cum
811 1934 863 1969 illi
881 1935 988 1970 fratre
1000 1936 1042 1968 ab
1057 1931 1213 1967 intestato
1227 1929 1380 1981 defunCto
1393 1927 1485 1972 legi-

77 1979 160 2014 tima
169 1979 344 2016 haereditas
353 1981 533 2017 obvenerit
552 2006 563 2019 ,
585 1980 750 2016 continuo
765 1980 880 2017 Patres
896 1983 947 2017 Fr.
967 1979 1182 2016 Franciscurn
1197 1983 1402 2022 repetierunt
1421 1999 1432 2013 ,
1453 1973 1486 2007 &

77 2027 121 2061 ad
137 2026 282 2062 claustra
296 2037 523 2067 revocarunt,
546 2027 769 2063 reluctantem
784 2029 820 2064 in
835 2029 971 2065 vincula
984 2030 1202 2071 conjecerunt
1219 2050 1229 2059 .
1258 2022 1395 2072 Solutus
1403 2031 1487 2066 ope-

77 2085 112 2108 ra
128 2100 138 2114 ‚
159 2073 189 2107 &
207 2085 310 2110 manu
321 2075 505 2110 amicorum
521 2074 786 2110 Sacratissimum
799 2075 992 2121 Principem
1006 2074 1169 2110 Nostrum
1188 2070 1306 2106 libello
1331 2070 1413 2104 adiit
1429 2093 1438 2106 ‚
1466 2078 1487 2102 a

77 2131 143 2166 quo
155 2122 232 2156 data
243 2121 309 2157 fuit
321 2122 480 2169 cognitio
493 2122 545 2157 rei
563 2122 793 2167 Amplissimis
804 2124 959 2158 Patribus
971 2150 978 2157 .
991 2119 1182 2157 Contendit
1199 2119 1302 2164 igitur
1316 2114 1487 2167 Fr.Fran-

77 2168 184 2203 ciscus
199 2168 438 2213 professionem
451 2180 621 2216 nunquam
647 2168 805 2210 emisisse,
832 2178 1066 2216 provocatque
1087 2167 1128 2201 ad
1154 2166 1255 2216 libros
1277 2161 1488 2217 capitulares

78 2214 281 2251 Monasterii
297 2241 308 2255 ‚
335 2217 370 2251 in
385 2217 507 2263 quibus
524 2215 750 2262 professiones
764 2217 860 2252 scribi
876 2215 1002 2251 debent
1025 2243 1034 2256 ,
1059 2213 1151 2249 nihil
1174 2224 1265 2249 enim
1288 2223 1324 2246 in
1350 2221 1391 2245 iis
1414 2210 1487 2246 dea

27 2267 31 2308 ⁷,
78 2261 185 2297 Votis
199 2264 376 2310 conceptis
390 2264 565 2309 emistsque
579 2271 746 2309 repertum
760 2263 807 2298 est
821 2289 831 2298 .
856 2264 963 2299 Addit
981 2261 1101 2297 Testes
1112 2287 1122 2300 ‚
1148 2258 1311 2308 quiajam
1326 2268 1404 2292 eum
1419 2254 1488 2301 post

79 2319 208 2344 annum
221 2311 265 2344 ab
278 2310 427 2358 ingressu
442 2310 646 2346 Monasterii
662 2309 844 2356 regressum
870 2309 967 2346 fuiffe
981 2337 990 2350 ,
1007 2311 1038 2345 δι
1054 2307 1112 2356 per
1128 2306 1250 2342 solidos
1265 2304 1394 2340 menses
1407 2313 1486 2337 mo-

81 2366 195 2392 ratum
205 2356 269 2392 effe
284 2358 318 2392 in
336 2359 446 2401 patria
459 2358 515 2393 sua
529 2357 674 2393 vestibus
686 2356 801 2392 saeeuli
814 2384 823 2398 ,
852 2359 884 2393 &
912 2369 1002 2392 anno
1029 2354 1212 2398 praesertim
1236 2354 1331 2394 1726.
1359 2360 1488 2401 novem

82 2403 228 2451 integris
239 2405 405 2442 mensibus
419 2407 454 2440 in
473 2405 584 2452 patria
598 2402 720 2450 degisse
738 2430 746 2438 .
776 2405 864 2450 Quae
878 2404 943 2439 sint
955 2413 1126 2439 momenta
1142 2401 1342 2453 rationum,
1365 2398 1488 2444 <imbus

82 2449 182 2486 Ordo
195 2478 206 2492 2
233 2453 265 2487 δι
287 2452 501 2499 professionis
513 2451 684 2488 Defensor
697 2450 941 2496 professionem
953 2451 1006 2485 Fr.
1027 2451 1053 2485 F
1057 2446 1198 2485 rancisci
1214 2446 1397 2499 monstrare
1411 2441 1488 2488 pos-

83 2494 146 2531 fint
159 2523 170 2537 ,
192 2498 386 2545 ignoramus
394 2526 414 2541 .,
431 2498 590 2535 libellum
606 2500 698 2534 enim
712 2498 842 2534 nullum
851 2498 944 2534 abiis
954 2497 1132 2534 habuimus
1146 2519 1157 2529 .
1182 2494 1339 2530 Dubium
1354 2493 1419 2528 hoc
1430 2489 1490 2531 est,

82 2544 179 2590 quod
190 2547 390 2591 proponitur
401 2545 627 2582 definiendum
643 2572 650 2581 .

37 2595 95 2629 An
107 2590 146 2626 sit
161 2595 374 2643 concedenda
389 2594 555 2629 restitutio
565 2593 600 2628 in
615 2593 784 2640 integrum
799 2593 833 2629 in
850 2590 926 2628 casu
941 2591 1004 2627 ἃς.

129 2639 255 2674 Dilata
279 2641 318 2675 ad
337 2641 536 2689 sequentem
553 2666 563 2677 .

141 2688 331 2729 nnloXV·
950 2686 966 2722 I
1402 2678 1497 2716 ευ*
