<?xml version="1.0" encoding="UTF-8"?>
<!DOCTYPE html PUBLIC "-//W3C//DTD XHTML 1.0 Transitional//EN"
    "http://www.w3.org/TR/xhtml1/DTD/xhtml1-transitional.dtd">
<html xmlns="http://www.w3.org/1999/xhtml" xml:lang="en" lang="en">
 <head>
  <title>
</title>
<meta http-equiv="Content-Type" content="text/html;charset=utf-8" />
  <meta name='ocr-system' content='tesseract 3.04.00' />
  <meta name='ocr-capabilities' content='ocr_page ocr_carea ocr_par ocr_line ocrx_word'/>
</head>
<body>
  <div class='ocr_page' id='page_1' title='image "./thesaurusresolut14cath_0085.png"; bbox 0 0 1874 2961; ppageno 0'>
   <div class='ocr_carea' id='block_1_1' title="bbox 1433 135 1485 177">
    <p class='ocr_par' dir='ltr' id='par_1_1' title="bbox 1433 135 1485 177">
     <span class='ocr_line' id='line_1_1' title="bbox 1433 135 1485 177; baseline -0.077 -1"><span class='ocrx_word' id='word_1_1' title='bbox 1433 135 1485 177; x_wconf 88' lang='grc'>,77</span> 
     </span>
    </p>
   </div>
   <div class='ocr_carea' id='block_1_2' title="bbox 45 172 1500 1318">
    <p class='ocr_par' dir='ltr' id='par_1_2' title="bbox 45 172 1500 1318">
     <span class='ocr_line' id='line_1_2' title="bbox 76 172 1485 229; baseline -0.008 -10"><span class='ocrx_word' id='word_1_2' title='bbox 76 179 270 229; x_wconf 73' lang='lat' dir='ltr'>Praepofitus</span> <span class='ocrx_word' id='word_1_3' title='bbox 284 205 295 222; x_wconf 83' lang='lat'>,</span> <span class='ocrx_word' id='word_1_4' title='bbox 315 180 400 226; x_wconf 82' lang='lat' dir='ltr'>qui,</span> <span class='ocrx_word' id='word_1_5' title='bbox 428 189 507 214; x_wconf 88' lang='lat' dir='ltr'>cum</span> <span class='ocrx_word' id='word_1_6' title='bbox 520 177 558 214; x_wconf 82' lang='lat' dir='ltr'>fit</span> <span class='ocrx_word' id='word_1_7' title='bbox 572 176 681 224; x_wconf 83' lang='lat' dir='ltr'>prima</span> <span class='ocrx_word' id='word_1_8' title='bbox 707 177 854 224; x_wconf 81' lang='lat' dir='ltr'>dignitas</span> <span class='ocrx_word' id='word_1_9' title='bbox 868 172 1026 218; x_wconf 76' lang='lat' dir='ltr'>Capituli</span> <span class='ocrx_word' id='word_1_10' title='bbox 1043 199 1051 211; x_wconf 87' lang='lat'><em>.</em></span> <span class='ocrx_word' id='word_1_11' title='bbox 1076 182 1147 207; x_wconf 92' lang='lat' dir='ltr'>non</span> <span class='ocrx_word' id='word_1_12' title='bbox 1171 173 1303 217; x_wconf 72' lang='lat' dir='ltr'>praestat</span> <span class='ocrx_word' id='word_1_13' title='bbox 1325 182 1458 210; x_wconf 75' lang='lat' dir='ltr'>caeteris</span> <span class='ocrx_word' id='word_1_14' title='bbox 1474 199 1485 213; x_wconf 84' lang='lat'><strong>.</strong></span> 
     </span>
     <span class='ocr_line' id='line_1_3' title="bbox 76 220 1485 278; baseline -0.009 -12"><span class='ocrx_word' id='word_1_15' title='bbox 76 243 183 278; x_wconf 88' lang='lat' dir='ltr'>neque</span> <span class='ocrx_word' id='word_1_16' title='bbox 206 229 290 266; x_wconf 84' lang='lat' dir='ltr'>alios</span> <span class='ocrx_word' id='word_1_17' title='bbox 315 226 570 274; x_wconf 73' lang='lat' dir='ltr'>supereminet,</span> <span class='ocrx_word' id='word_1_18' title='bbox 597 224 650 260; x_wconf 87' lang='lat' dir='ltr'>sed</span> <span class='ocrx_word' id='word_1_19' title='bbox 668 226 794 270; x_wconf 84' lang='lat' dir='ltr'>primus</span> <span class='ocrx_word' id='word_1_20' title='bbox 817 233 950 258; x_wconf 84' lang='lat' dir='ltr'>tantum</span> <span class='ocrx_word' id='word_1_21' title='bbox 975 220 1022 256; x_wconf 87' lang='lat' dir='ltr'>est</span> <span class='ocrx_word' id='word_1_22' title='bbox 1048 220 1135 254; x_wconf 88' lang='lat' dir='ltr'>inter</span> <span class='ocrx_word' id='word_1_23' title='bbox 1149 220 1260 266; x_wconf 83' lang='lat' dir='ltr'>plures</span> <span class='ocrx_word' id='word_1_24' title='bbox 1277 248 1286 260; x_wconf 92' lang='lat'>‚</span> <span class='ocrx_word' id='word_1_25' title='bbox 1313 231 1415 266; x_wconf 86' lang='lat' dir='ltr'>atque</span> <span class='ocrx_word' id='word_1_26' title='bbox 1438 221 1485 256; x_wconf 88' lang='lat' dir='ltr'>ob</span> 
     </span>
     <span class='ocr_line' id='line_1_4' title="bbox 77 268 1486 321; baseline -0.01 -7"><span class='ocrx_word' id='word_1_27' title='bbox 77 280 114 315; x_wconf 91' lang='lat' dir='ltr'>id</span> <span class='ocrx_word' id='word_1_28' title='bbox 140 277 326 313; x_wconf 70' lang='lat' dir='ltr'>colleffivo</span> <span class='ocrx_word' id='word_1_29' title='bbox 339 273 493 321; x_wconf 86' lang='lat' dir='ltr'>Capituli</span> <span class='ocrx_word' id='word_1_30' title='bbox 509 272 671 312; x_wconf 88' lang='lat' dir='ltr'>nomine,</span> <span class='ocrx_word' id='word_1_31' title='bbox 701 274 788 319; x_wconf 89' lang='lat' dir='ltr'>quod</span> <span class='ocrx_word' id='word_1_32' title='bbox 813 281 932 308; x_wconf 85' lang='lat' dir='ltr'>omnes</span> <span class='ocrx_word' id='word_1_33' title='bbox 956 270 1026 310; x_wconf 83' lang='lat' dir='ltr'>eius</span> <span class='ocrx_word' id='word_1_34' title='bbox 1050 278 1158 313; x_wconf 77' lang='lat' dir='ltr'>partes</span> <span class='ocrx_word' id='word_1_35' title='bbox 1173 293 1182 305; x_wconf 93' lang='lat'>‚</span> <span class='ocrx_word' id='word_1_36' title='bbox 1207 268 1328 314; x_wconf 75' lang='lat' dir='ltr'>quibus</span> <span class='ocrx_word' id='word_1_37' title='bbox 1349 279 1486 314; x_wconf 85' lang='lat' dir='ltr'>compo-</span> 
     </span>
     <span class='ocr_line' id='line_1_5' title="bbox 76 314 1486 370; baseline -0.009 -8"><span class='ocrx_word' id='word_1_38' title='bbox 76 328 172 363; x_wconf 84' lang='lat' dir='ltr'><strong>nitur</strong></span> <span class='ocrx_word' id='word_1_39' title='bbox 187 352 198 366; x_wconf 86' lang='lat'><strong>,</strong></span> <span class='ocrx_word' id='word_1_40' title='bbox 223 322 462 370; x_wconf 69' lang='lat' dir='ltr'>compleffliur</span> <span class='ocrx_word' id='word_1_41' title='bbox 480 347 490 360; x_wconf 89' lang='lat'><em>‚</em></span> <span class='ocrx_word' id='word_1_42' title='bbox 514 323 675 357; x_wconf 88' lang='lat' dir='ltr'>utendum</span> <span class='ocrx_word' id='word_1_43' title='bbox 699 320 764 356; x_wconf 83' lang='lat' dir='ltr'>esse</span> <span class='ocrx_word' id='word_1_44' title='bbox 780 345 789 359; x_wconf 93' lang='lat'><em>‚</em></span> <span class='ocrx_word' id='word_1_45' title='bbox 813 320 907 361; x_wconf 86' lang='lat' dir='ltr'>cujus</span> <span class='ocrx_word' id='word_1_46' title='bbox 932 328 1081 361; x_wconf 79' lang='lat' dir='ltr'>corporis</span> <span class='ocrx_word' id='word_1_47' title='bbox 1103 327 1176 360; x_wconf 88' lang='lat' dir='ltr'>pars</span> <span class='ocrx_word' id='word_1_48' title='bbox 1205 315 1250 350; x_wconf 82' lang='lat' dir='ltr'>est</span> <span class='ocrx_word' id='word_1_49' title='bbox 1263 314 1458 360; x_wconf 59' lang='lat' dir='ltr'>lJraepositus</span> <span class='ocrx_word' id='word_1_50' title='bbox 1476 339 1486 353; x_wconf 87' lang='lat'>,</span> 
     </span>
     <span class='ocr_line' id='line_1_6' title="bbox 78 363 1485 417; baseline -0.009 -8"><span class='ocrx_word' id='word_1_51' title='bbox 78 374 117 410; x_wconf 82' lang='lat' dir='ltr'>sit</span> <span class='ocrx_word' id='word_1_52' title='bbox 131 374 213 409; x_wconf 88' lang='lat' dir='ltr'>licet</span> <span class='ocrx_word' id='word_1_53' title='bbox 239 381 314 417; x_wconf 86' lang='lat' dir='ltr'>pars</span> <span class='ocrx_word' id='word_1_54' title='bbox 328 369 456 416; x_wconf 87' lang='lat' dir='ltr'>prima:</span> <span class='ocrx_word' id='word_1_55' title='bbox 482 368 638 412; x_wconf 82' lang='lat' dir='ltr'>nihilque</span> <span class='ocrx_word' id='word_1_56' title='bbox 661 367 770 404; x_wconf 83' lang='lat' dir='ltr'>obesse</span> <span class='ocrx_word' id='word_1_57' title='bbox 796 366 959 414; x_wconf 86' lang='lat' dir='ltr'>quidquid</span> <span class='ocrx_word' id='word_1_58' title='bbox 972 366 1081 400; x_wconf 65' lang='lat' dir='ltr'>astum</span> <span class='ocrx_word' id='word_1_59' title='bbox 1096 363 1202 398; x_wconf 80' lang='lat' dir='ltr'>suerii</span> <span class='ocrx_word' id='word_1_60' title='bbox 1218 364 1374 397; x_wconf 62' lang='lat' dir='ltr'>anteacto</span> <span class='ocrx_word' id='word_1_61' title='bbox 1398 370 1485 397; x_wconf 84' lang='lat' dir='ltr'>teui-</span> 
     </span>
     <span class='ocr_line' id='line_1_7' title="bbox 79 411 1484 469; baseline -0.009 -13"><span class='ocrx_word' id='word_1_62' title='bbox 79 433 183 469; x_wconf 87' lang='lat' dir='ltr'>pore,</span> <span class='ocrx_word' id='word_1_63' title='bbox 211 429 282 454; x_wconf 88' lang='lat' dir='ltr'>tum</span> <span class='ocrx_word' id='word_1_64' title='bbox 303 417 382 462; x_wconf 90' lang='lat' dir='ltr'>quia</span> <span class='ocrx_word' id='word_1_65' title='bbox 401 427 543 452; x_wconf 87' lang='lat' dir='ltr'>numero</span> <span class='ocrx_word' id='word_1_66' title='bbox 566 417 683 464; x_wconf 84' lang='lat' dir='ltr'>plures</span> <span class='ocrx_word' id='word_1_67' title='bbox 703 416 778 450; x_wconf 91' lang='lat' dir='ltr'>sunt</span> <span class='ocrx_word' id='word_1_68' title='bbox 797 413 967 450; x_wconf 87' lang='lat' dir='ltr'>contrarii</span> <span class='ocrx_word' id='word_1_69' title='bbox 993 411 1199 456; x_wconf 75' lang='lat' dir='ltr'>capitulares</span> <span class='ocrx_word' id='word_1_70' title='bbox 1227 411 1317 445; x_wconf 67' lang='lat' dir='ltr'>aetus</span> <span class='ocrx_word' id='word_1_71' title='bbox 1336 436 1346 450; x_wconf 90' lang='lat'>‚</span> <span class='ocrx_word' id='word_1_72' title='bbox 1377 419 1484 444; x_wconf 60' lang='lat' dir='ltr'>turri.»</span> 
     </span>
     <span class='ocr_line' id='line_1_8' title="bbox 105 458 1485 515; baseline -0.012 -9"><span class='ocrx_word' id='word_1_73' title='bbox 105 469 160 506; x_wconf 85' lang='lat' dir='ltr'>uia</span> <span class='ocrx_word' id='word_1_74' title='bbox 180 467 241 507; x_wconf 89' lang='lat' dir='ltr'>hi,</span> <span class='ocrx_word' id='word_1_75' title='bbox 268 466 325 512; x_wconf 90' lang='lat' dir='ltr'>qui</span> <span class='ocrx_word' id='word_1_76' title='bbox 349 464 564 515; x_wconf 77' lang='lat' dir='ltr'>al’raepofito</span> <span class='ocrx_word' id='word_1_77' title='bbox 590 472 844 509; x_wconf 87' lang='lat' dir='ltr'>proponuntur,</span> <span class='ocrx_word' id='word_1_78' title='bbox 874 459 1069 497; x_wconf 86' lang='lat' dir='ltr'>facultativi</span> <span class='ocrx_word' id='word_1_79' title='bbox 1098 459 1195 498; x_wconf 89' lang='lat' dir='ltr'>sunt,</span> <span class='ocrx_word' id='word_1_80' title='bbox 1217 467 1252 493; x_wconf 91' lang='lat' dir='ltr'>ut</span> <span class='ocrx_word' id='word_1_81' title='bbox 1280 458 1485 503; x_wconf 77' lang='lat' dir='ltr'>consequens</span> 
     </span>
     <span class='ocr_line' id='line_1_9' title="bbox 96 505 1483 558; baseline -0.009 -6"><span class='ocrx_word' id='word_1_82' title='bbox 96 525 122 552; x_wconf 89' lang='lat' dir='ltr'>it</span> <span class='ocrx_word' id='word_1_83' title='bbox 144 514 278 551; x_wconf 82' lang='lat' dir='ltr'>nullutn</span> <span class='ocrx_word' id='word_1_84' title='bbox 293 512 348 553; x_wconf 78' lang='lat' dir='ltr'>lus</span> <span class='ocrx_word' id='word_1_85' title='bbox 372 511 500 558; x_wconf 80' lang='lat' dir='ltr'>acquiri</span> <span class='ocrx_word' id='word_1_86' title='bbox 530 522 571 545; x_wconf 84' lang='lat' dir='ltr'>ex</span> <span class='ocrx_word' id='word_1_87' title='bbox 596 511 637 545; x_wconf 89' lang='lat' dir='ltr'>iis</span> <span class='ocrx_word' id='word_1_88' title='bbox 657 510 797 556; x_wconf 77' lang='lat' dir='ltr'>potuisse</span> <span class='ocrx_word' id='word_1_89' title='bbox 820 507 1021 555; x_wconf 70' lang='lat' dir='ltr'>Praeposito,</span> <span class='ocrx_word' id='word_1_90' title='bbox 1043 505 1104 540; x_wconf 88' lang='lat' dir='ltr'>nisi</span> <span class='ocrx_word' id='word_1_91' title='bbox 1121 506 1282 551; x_wconf 80' lang='lat' dir='ltr'>probetur</span> <span class='ocrx_word' id='word_1_92' title='bbox 1298 505 1483 540; x_wconf 76' lang='lat' dir='ltr'>vetitum..-</span> 
     </span>
     <span class='ocr_line' id='line_1_10' title="bbox 82 550 1484 606; baseline -0.009 -9"><span class='ocrx_word' id='word_1_93' title='bbox 82 561 177 601; x_wconf 84' lang='lat' dir='ltr'>fuiss&#39;e</span> <span class='ocrx_word' id='word_1_94' title='bbox 202 560 367 606; x_wconf 89' lang='lat' dir='ltr'>Capitulo</span> <span class='ocrx_word' id='word_1_95' title='bbox 391 585 401 598; x_wconf 87' lang='lat'><strong>,</strong></span> <span class='ocrx_word' id='word_1_96' title='bbox 429 570 471 594; x_wconf 90' lang='lat' dir='ltr'>ne</span> <span class='ocrx_word' id='word_1_97' title='bbox 501 557 630 595; x_wconf 85' lang='lat' dir='ltr'>diversa</span> <span class='ocrx_word' id='word_1_98' title='bbox 653 557 876 603; x_wconf 81' lang='lat' dir='ltr'>inscriptione</span> <span class='ocrx_word' id='word_1_99' title='bbox 901 564 1079 593; x_wconf 86' lang='lat' dir='ltr'>uteretur,</span> <span class='ocrx_word' id='word_1_100' title='bbox 1105 554 1136 588; x_wconf 69' lang='grc' dir='ltr'>ὅ(</span> <span class='ocrx_word' id='word_1_101' title='bbox 1166 550 1369 597; x_wconf 81' lang='lat' dir='ltr'>Capitulum</span> <span class='ocrx_word' id='word_1_102' title='bbox 1394 550 1484 586; x_wconf 80' lang='lat' dir='ltr'>nihil</span> 
     </span>
     <span class='ocr_line' id='line_1_11' title="bbox 80 599 1486 655; baseline -0.011 -8"><span class='ocrx_word' id='word_1_103' title='bbox 80 607 245 655; x_wconf 79' lang='lat' dir='ltr'>excepiss&#39;e</span> <span class='ocrx_word' id='word_1_104' title='bbox 257 634 267 648; x_wconf 91' lang='lat'>‚</span> <span class='ocrx_word' id='word_1_105' title='bbox 290 605 524 652; x_wconf 80' lang='lat' dir='ltr'>patientiaque</span> <span class='ocrx_word' id='word_1_106' title='bbox 547 604 603 640; x_wconf 90' lang='lat' dir='ltr'>sua</span> <span class='ocrx_word' id='word_1_107' title='bbox 619 604 769 653; x_wconf 75' lang='lat' dir='ltr'>probasse</span> <span class='ocrx_word' id='word_1_108' title='bbox 783 633 793 646; x_wconf 93' lang='lat'>,</span> <span class='ocrx_word' id='word_1_109' title='bbox 815 608 846 642; x_wconf 84' lang='lat'>&amp;</span> <span class='ocrx_word' id='word_1_110' title='bbox 862 600 1071 641; x_wconf 84' lang='lat' dir='ltr'>confirmasse</span> <span class='ocrx_word' id='word_1_111' title='bbox 1084 628 1094 640; x_wconf 92' lang='lat'><em>,</em></span> <span class='ocrx_word' id='word_1_112' title='bbox 1121 602 1205 644; x_wconf 91' lang='lat' dir='ltr'>quod</span> <span class='ocrx_word' id='word_1_113' title='bbox 1221 601 1383 635; x_wconf 81' lang='lat' dir='ltr'>vetabam</span> <span class='ocrx_word' id='word_1_114' title='bbox 1395 599 1486 633; x_wconf 72' lang='lat' dir='ltr'>1³1ae-</span> 
     </span>
     <span class='ocr_line' id='line_1_12' title="bbox 83 647 1486 704; baseline -0.009 -12"><span class='ocrx_word' id='word_1_115' title='bbox 83 656 203 704; x_wconf 76' lang='lat' dir='ltr'>positi5</span> <span class='ocrx_word' id='word_1_116' title='bbox 227 654 357 691; x_wconf 90' lang='lat' dir='ltr'>nullam</span> <span class='ocrx_word' id='word_1_117' title='bbox 373 651 635 699; x_wconf 83' lang='lat' dir='ltr'>prohibitionis,</span> <span class='ocrx_word' id='word_1_118' title='bbox 661 654 789 690; x_wconf 84' lang='lat' dir='ltr'>nullam</span> <span class='ocrx_word' id='word_1_119' title='bbox 805 653 978 701; x_wconf 67' lang='lat' dir='ltr'>patientiae</span> <span class='ocrx_word' id='word_1_120' title='bbox 1000 650 1097 691; x_wconf 83' lang='lat' dir='ltr'>hujus</span> <span class='ocrx_word' id='word_1_121' title='bbox 1120 647 1366 694; x_wconf 81' lang='lat' dir='ltr'>probationem</span> <span class='ocrx_word' id='word_1_122' title='bbox 1397 657 1486 693; x_wconf 86' lang='lat' dir='ltr'>pro-</span> 
     </span>
     <span class='ocr_line' id='line_1_13' title="bbox 84 693 1486 749; baseline -0.009 -9"><span class='ocrx_word' id='word_1_123' title='bbox 84 705 194 749; x_wconf 83' lang='lat' dir='ltr'>poni,</span> <span class='ocrx_word' id='word_1_124' title='bbox 218 711 257 737; x_wconf 92' lang='lat' dir='ltr'>ut</span> <span class='ocrx_word' id='word_1_125' title='bbox 281 700 338 746; x_wconf 90' lang='lat' dir='ltr'>qui</span> <span class='ocrx_word' id='word_1_126' title='bbox 365 711 453 735; x_wconf 88' lang='lat' dir='ltr'>nunc</span> <span class='ocrx_word' id='word_1_127' title='bbox 477 699 553 734; x_wconf 88' lang='lat' dir='ltr'>sunt</span> <span class='ocrx_word' id='word_1_128' title='bbox 580 696 749 738; x_wconf 86' lang='lat' dir='ltr'>Canonici</span> <span class='ocrx_word' id='word_1_129' title='bbox 768 729 778 742; x_wconf 93' lang='lat'>,</span> <span class='ocrx_word' id='word_1_130' title='bbox 805 699 966 747; x_wconf 88' lang='lat' dir='ltr'>adstringi</span> <span class='ocrx_word' id='word_1_131' title='bbox 994 704 1161 742; x_wconf 85' lang='lat' dir='ltr'>nequeant</span> <span class='ocrx_word' id='word_1_132' title='bbox 1183 703 1340 731; x_wconf 87' lang='lat' dir='ltr'>veterum</span> <span class='ocrx_word' id='word_1_133' title='bbox 1367 693 1458 730; x_wconf 70' lang='lat' dir='ltr'>sacto</span> <span class='ocrx_word' id='word_1_134' title='bbox 1474 719 1486 733; x_wconf 89' lang='lat'><strong>,</strong></span> 
     </span>
     <span class='ocr_line' id='line_1_14' title="bbox 85 740 1489 797; baseline -0.009 -10"><span class='ocrx_word' id='word_1_135' title='bbox 85 761 224 797; x_wconf 86' lang='lat' dir='ltr'>quorum</span> <span class='ocrx_word' id='word_1_136' title='bbox 247 747 416 795; x_wconf 87' lang='lat' dir='ltr'>patientia</span> <span class='ocrx_word' id='word_1_137' title='bbox 441 745 570 793; x_wconf 84' lang='lat' dir='ltr'>signum</span> <span class='ocrx_word' id='word_1_138' title='bbox 587 748 792 794; x_wconf 81' lang='lat' dir='ltr'>Capitulare</span> <span class='ocrx_word' id='word_1_139' title='bbox 818 761 895 784; x_wconf 90' lang='lat' dir='ltr'>cum</span> <span class='ocrx_word' id='word_1_140' title='bbox 920 745 1072 789; x_wconf 72' lang='lat' dir='ltr'>adjuncta</span> <span class='ocrx_word' id='word_1_141' title='bbox 1087 743 1123 778; x_wconf 91' lang='lat' dir='ltr'>in</span> <span class='ocrx_word' id='word_1_142' title='bbox 1144 743 1263 777; x_wconf 87' lang='lat' dir='ltr'>orbem</span> <span class='ocrx_word' id='word_1_143' title='bbox 1286 740 1489 787; x_wconf 84' lang='lat' dir='ltr'>inscriptio-</span> 
     </span>
     <span class='ocr_line' id='line_1_15' title="bbox 86 787 1478 843; baseline -0.008 -10"><span class='ocrx_word' id='word_1_144' title='bbox 86 809 127 835; x_wconf 86' lang='lat' dir='ltr'>ne</span> <span class='ocrx_word' id='word_1_145' title='bbox 146 795 267 832; x_wconf 68' lang='lat' dir='ltr'>fastum</span> <span class='ocrx_word' id='word_1_146' title='bbox 280 793 344 830; x_wconf 87' lang='lat' dir='ltr'>suit</span> <span class='ocrx_word' id='word_1_147' title='bbox 359 817 368 831; x_wconf 74' lang='lat'><strong>‚</strong></span> <span class='ocrx_word' id='word_1_148' title='bbox 393 805 455 829; x_wconf 87' lang='lat' dir='ltr'>nec</span> <span class='ocrx_word' id='word_1_149' title='bbox 479 793 569 842; x_wconf 75' lang='lat' dir='ltr'>poss&#39;e</span> <span class='ocrx_word' id='word_1_150' title='bbox 592 807 667 830; x_wconf 87' lang='lat' dir='ltr'>eam</span> <span class='ocrx_word' id='word_1_151' title='bbox 683 796 937 843; x_wconf 88' lang='lat' dir='ltr'>inscriptionem</span> <span class='ocrx_word' id='word_1_152' title='bbox 951 820 961 834; x_wconf 90' lang='lat'>‚</span> <span class='ocrx_word' id='word_1_153' title='bbox 984 804 1057 840; x_wconf 82' lang='lat' dir='ltr'>qua:</span> <span class='ocrx_word' id='word_1_154' title='bbox 1079 790 1300 835; x_wconf 85' lang='lat' dir='ltr'>indulgentia</span> <span class='ocrx_word' id='word_1_155' title='bbox 1317 787 1478 833; x_wconf 84' lang='lat' dir='ltr'>Capituli</span> 
     </span>
     <span class='ocr_line' id='line_1_16' title="bbox 84 835 1488 894; baseline -0.005 -14"><span class='ocrx_word' id='word_1_156' title='bbox 84 841 242 894; x_wconf 80' lang='lat' dir='ltr'>periniffa</span> <span class='ocrx_word' id='word_1_157' title='bbox 258 841 321 877; x_wconf 84' lang='lat' dir='ltr'>suit</span> <span class='ocrx_word' id='word_1_158' title='bbox 343 842 377 876; x_wconf 86' lang='lat' dir='ltr'>in</span> <span class='ocrx_word' id='word_1_159' title='bbox 391 840 506 889; x_wconf 82' lang='lat' dir='ltr'>signo,</span> <span class='ocrx_word' id='word_1_160' title='bbox 532 841 582 883; x_wconf 84' lang='lat' dir='ltr'>ius</span> <span class='ocrx_word' id='word_1_161' title='bbox 595 842 658 878; x_wconf 84' lang='lat' dir='ltr'>hoc</span> <span class='ocrx_word' id='word_1_162' title='bbox 673 845 820 880; x_wconf 85' lang='lat' dir='ltr'>tribuere</span> <span class='ocrx_word' id='word_1_163' title='bbox 835 842 1038 889; x_wconf 84' lang='lat' dir='ltr'>Praepofito,</span> <span class='ocrx_word' id='word_1_164' title='bbox 1066 848 1102 873; x_wconf 90' lang='lat' dir='ltr'>ut</span> <span class='ocrx_word' id='word_1_165' title='bbox 1123 838 1238 871; x_wconf 82' lang='lat' dir='ltr'>eadem</span> <span class='ocrx_word' id='word_1_166' title='bbox 1267 835 1393 879; x_wconf 80' lang='lat' dir='ltr'>semper</span> <span class='ocrx_word' id='word_1_167' title='bbox 1423 835 1488 870; x_wconf 80' lang='lat' dir='ltr'>in..-</span> 
     </span>
     <span class='ocr_line' id='line_1_17' title="bbox 83 883 1490 939; baseline -0.013 -7"><span class='ocrx_word' id='word_1_168' title='bbox 83 889 241 937; x_wconf 85' lang='lat' dir='ltr'>quolibet</span> <span class='ocrx_word' id='word_1_169' title='bbox 254 890 328 926; x_wconf 64' lang='lat' dir='ltr'>astu</span> <span class='ocrx_word' id='word_1_170' title='bbox 344 890 506 926; x_wconf 76' lang='lat' dir='ltr'>Utendum</span> <span class='ocrx_word' id='word_1_171' title='bbox 519 889 556 923; x_wconf 81' lang='lat' dir='ltr'>fit</span> <span class='ocrx_word' id='word_1_172' title='bbox 572 915 582 928; x_wconf 77' lang='grc'><strong><em>,</em></strong></span> <span class='ocrx_word' id='word_1_173' title='bbox 601 902 679 926; x_wconf 90' lang='lat' dir='ltr'>cum</span> <span class='ocrx_word' id='word_1_174' title='bbox 693 891 728 926; x_wconf 90' lang='lat' dir='ltr'>in</span> <span class='ocrx_word' id='word_1_175' title='bbox 742 891 804 927; x_wconf 85' lang='lat' dir='ltr'>hac</span> <span class='ocrx_word' id='word_1_176' title='bbox 814 919 823 932; x_wconf 91' lang='lat'><strong>,</strong></span> <span class='ocrx_word' id='word_1_177' title='bbox 848 890 882 926; x_wconf 89' lang='lat' dir='ltr'>in</span> <span class='ocrx_word' id='word_1_178' title='bbox 895 901 961 939; x_wconf 82' lang='lat' dir='ltr'>qua</span> <span class='ocrx_word' id='word_1_179' title='bbox 974 890 1144 925; x_wconf 85' lang='lat' dir='ltr'>versamur</span> <span class='ocrx_word' id='word_1_180' title='bbox 1160 883 1302 918; x_wconf 82' lang='lat' dir='ltr'>materia</span> <span class='ocrx_word' id='word_1_181' title='bbox 1316 909 1327 923; x_wconf 92' lang='lat'>,</span> <span class='ocrx_word' id='word_1_182' title='bbox 1340 890 1490 926; x_wconf 87' lang='lat' dir='ltr'>nequeat</span> 
     </span>
     <span class='ocr_line' id='line_1_18' title="bbox 87 929 1491 986; baseline -0.012 -7"><span class='ocrx_word' id='word_1_183' title='bbox 87 938 182 985; x_wconf 64' lang='lat' dir='ltr'>firgui</span> <span class='ocrx_word' id='word_1_184' title='bbox 197 939 239 976; x_wconf 80' lang='lat' dir='ltr'>ad</span> <span class='ocrx_word' id='word_1_185' title='bbox 249 937 355 973; x_wconf 73' lang='lat' dir='ltr'>alium</span> <span class='ocrx_word' id='word_1_186' title='bbox 383 938 493 973; x_wconf 65' lang='lat' dir='ltr'>actum</span> <span class='ocrx_word' id='word_1_187' title='bbox 506 962 515 976; x_wconf 67' lang='lat'>2</span> <span class='ocrx_word' id='word_1_188' title='bbox 537 948 600 973; x_wconf 91' lang='lat' dir='ltr'>nec</span> <span class='ocrx_word' id='word_1_189' title='bbox 612 950 698 975; x_wconf 82' lang='lat' dir='ltr'>unus</span> <span class='ocrx_word' id='word_1_190' title='bbox 712 940 834 986; x_wconf 86' lang='lat' dir='ltr'>porrigi</span> <span class='ocrx_word' id='word_1_191' title='bbox 852 938 893 973; x_wconf 91' lang='lat' dir='ltr'>ad</span> <span class='ocrx_word' id='word_1_192' title='bbox 905 937 993 973; x_wconf 81' lang='lat' dir='ltr'>alios</span> <span class='ocrx_word' id='word_1_193' title='bbox 1007 937 1095 971; x_wconf 70' lang='lat' dir='ltr'>assus</span> <span class='ocrx_word' id='word_1_194' title='bbox 1114 959 1123 972; x_wconf 84' lang='lat'>‚</span> <span class='ocrx_word' id='word_1_195' title='bbox 1149 931 1206 967; x_wconf 88' lang='lat' dir='ltr'>sed</span> <span class='ocrx_word' id='word_1_196' title='bbox 1221 929 1393 976; x_wconf 73' lang='lat' dir='ltr'>spectanda</span> <span class='ocrx_word' id='word_1_197' title='bbox 1407 939 1491 963; x_wconf 87' lang='lat' dir='ltr'>tan-</span> 
     </span>
     <span class='ocr_line' id='line_1_19' title="bbox 88 975 1494 1033; baseline -0.008 -13"><span class='ocrx_word' id='word_1_198' title='bbox 88 993 160 1021; x_wconf 87' lang='lat' dir='ltr'>tum</span> <span class='ocrx_word' id='word_1_199' title='bbox 185 983 225 1023; x_wconf 84' lang='lat' dir='ltr'>sit</span> <span class='ocrx_word' id='word_1_200' title='bbox 249 983 400 1030; x_wconf 78' lang='lat' dir='ltr'>possessio</span> <span class='ocrx_word' id='word_1_201' title='bbox 426 986 496 1028; x_wconf 80' lang='lat' dir='ltr'>ejus</span> <span class='ocrx_word' id='word_1_202' title='bbox 520 985 632 1026; x_wconf 85' lang='lat' dir='ltr'>Juris,</span> <span class='ocrx_word' id='word_1_203' title='bbox 657 986 693 1021; x_wconf 92' lang='lat' dir='ltr'>in</span> <span class='ocrx_word' id='word_1_204' title='bbox 719 998 786 1033; x_wconf 89' lang='lat' dir='ltr'>qua</span> <span class='ocrx_word' id='word_1_205' title='bbox 811 986 954 1033; x_wconf 85' lang='lat' dir='ltr'>quisque</span> <span class='ocrx_word' id='word_1_206' title='bbox 978 983 1046 1022; x_wconf 85' lang='lat' dir='ltr'>est.</span> <span class='ocrx_word' id='word_1_207' title='bbox 1075 979 1233 1024; x_wconf 87' lang='lat' dir='ltr'>Denique</span> <span class='ocrx_word' id='word_1_208' title='bbox 1248 977 1282 1012; x_wconf 88' lang='lat' dir='ltr'>id</span> <span class='ocrx_word' id='word_1_209' title='bbox 1298 976 1408 1023; x_wconf 88' lang='lat' dir='ltr'>ipsum</span> <span class='ocrx_word' id='word_1_210' title='bbox 1422 975 1494 1010; x_wconf 89' lang='lat' dir='ltr'>ser—</span> 
     </span>
     <span class='ocr_line' id='line_1_20' title="bbox 89 1024 1493 1076; baseline -0.009 -8"><span class='ocrx_word' id='word_1_211' title='bbox 89 1032 162 1068; x_wconf 89' lang='lat' dir='ltr'>vari</span> <span class='ocrx_word' id='word_1_212' title='bbox 176 1031 211 1066; x_wconf 92' lang='lat' dir='ltr'>in</span> <span class='ocrx_word' id='word_1_213' title='bbox 226 1031 351 1075; x_wconf 73' lang='lat' dir='ltr'>vicinis</span> <span class='ocrx_word' id='word_1_214' title='bbox 365 1032 443 1067; x_wconf 85' lang='lat' dir='ltr'>aliis</span> <span class='ocrx_word' id='word_1_215' title='bbox 462 1032 718 1069; x_wconf 81' lang='lat' dir='ltr'>cathedralibus</span> <span class='ocrx_word' id='word_1_216' title='bbox 733 1031 890 1069; x_wconf 83' lang='lat' dir='ltr'>Ecclesiis</span> <span class='ocrx_word' id='word_1_217' title='bbox 904 1059 914 1072; x_wconf 96' lang='lat'><strong><em>,</em></strong></span> <span class='ocrx_word' id='word_1_218' title='bbox 934 1033 966 1067; x_wconf 76' lang='grc' dir='ltr'>δι</span> <span class='ocrx_word' id='word_1_219' title='bbox 983 1027 1164 1076; x_wconf 67' lang='lat' dir='ltr'>praesertim</span> <span class='ocrx_word' id='word_1_220' title='bbox 1186 1025 1223 1060; x_wconf 92' lang='lat' dir='ltr'>in</span> <span class='ocrx_word' id='word_1_221' title='bbox 1239 1024 1493 1070; x_wconf 88' lang='lat' dir='ltr'>Metropolita-</span> 
     </span>
     <span class='ocr_line' id='line_1_21' title="bbox 88 1071 1498 1128; baseline -0.012 -8"><span class='ocrx_word' id='word_1_222' title='bbox 88 1092 130 1115; x_wconf 71' lang='grc' dir='ltr'>Μ</span> <span class='ocrx_word' id='word_1_223' title='bbox 147 1079 283 1121; x_wconf 64' lang='lat' dir='ltr'>‚Urbini</span> <span class='ocrx_word' id='word_1_224' title='bbox 299 1106 309 1120; x_wconf 85' lang='lat'>‚</span> <span class='ocrx_word' id='word_1_225' title='bbox 334 1091 354 1114; x_wconf 85' lang='lat' dir='ltr'>a</span> <span class='ocrx_word' id='word_1_226' title='bbox 367 1091 433 1125; x_wconf 90' lang='lat' dir='ltr'>qua</span> <span class='ocrx_word' id='word_1_227' title='bbox 447 1090 599 1115; x_wconf 89' lang='lat' dir='ltr'>normam</span> <span class='ocrx_word' id='word_1_228' title='bbox 612 1105 622 1119; x_wconf 90' lang='lat'>‚</span> <span class='ocrx_word' id='word_1_229' title='bbox 652 1082 872 1128; x_wconf 83' lang='lat' dir='ltr'>regulamque</span> <span class='ocrx_word' id='word_1_230' title='bbox 886 1079 1060 1123; x_wconf 86' lang='lat' dir='ltr'>accipiunt</span> <span class='ocrx_word' id='word_1_231' title='bbox 1077 1071 1229 1109; x_wconf 67' lang='lat' dir='ltr'>Ecclesiae</span> <span class='ocrx_word' id='word_1_232' title='bbox 1256 1071 1472 1117; x_wconf 82' lang='lat' dir='ltr'>suffraganeae</span> <span class='ocrx_word' id='word_1_233' title='bbox 1487 1096 1498 1110; x_wconf 87' lang='lat'>‚</span> 
     </span>
     <span class='ocr_line' id='line_1_22' title="bbox 86 1119 1499 1176; baseline -0.008 -14"><span class='ocrx_word' id='word_1_234' title='bbox 86 1127 196 1175; x_wconf 83' lang='lat' dir='ltr'>qualis</span> <span class='ocrx_word' id='word_1_235' title='bbox 220 1127 290 1176; x_wconf 62' lang='lat' dir='ltr'>hate</span> <span class='ocrx_word' id='word_1_236' title='bbox 311 1125 356 1161; x_wconf 87' lang='lat' dir='ltr'>est</span> <span class='ocrx_word' id='word_1_237' title='bbox 381 1125 543 1162; x_wconf 86' lang='lat' dir='ltr'>Urbaniae</span> <span class='ocrx_word' id='word_1_238' title='bbox 560 1151 571 1161; x_wconf 88' lang='lat'><strong><em>.</em></strong></span> <span class='ocrx_word' id='word_1_239' title='bbox 596 1127 747 1163; x_wconf 86' lang='lat' dir='ltr'>Videant</span> <span class='ocrx_word' id='word_1_240' title='bbox 769 1129 902 1174; x_wconf 77' lang='lat' dir='ltr'>igitur,</span> <span class='ocrx_word' id='word_1_241' title='bbox 925 1127 979 1161; x_wconf 82' lang='lat' dir='ltr'>his</span> <span class='ocrx_word' id='word_1_242' title='bbox 1004 1122 1148 1168; x_wconf 87' lang='lat' dir='ltr'>aliisque</span> <span class='ocrx_word' id='word_1_243' title='bbox 1176 1119 1346 1166; x_wconf 74' lang='lat' dir='ltr'>perpensis</span> <span class='ocrx_word' id='word_1_244' title='bbox 1363 1143 1373 1157; x_wconf 85' lang='lat'>‚</span> <span class='ocrx_word' id='word_1_245' title='bbox 1399 1129 1499 1163; x_wconf 66' lang='lat' dir='ltr'>qua...</span> 
     </span>
     <span class='ocr_line' id='line_1_23' title="bbox 89 1167 1380 1221; baseline -0.002 -11"><span class='ocrx_word' id='word_1_246' title='bbox 89 1176 176 1216; x_wconf 77' lang='lat' dir='ltr'>Juris</span> <span class='ocrx_word' id='word_1_247' title='bbox 202 1182 334 1208; x_wconf 83' lang='lat' dir='ltr'>ratione</span> <span class='ocrx_word' id='word_1_248' title='bbox 359 1173 559 1218; x_wconf 85' lang='lat' dir='ltr'>respondere</span> <span class='ocrx_word' id='word_1_249' title='bbox 588 1174 735 1211; x_wconf 88' lang='lat' dir='ltr'>debeant</span> <span class='ocrx_word' id='word_1_250' title='bbox 750 1173 940 1221; x_wconf 79' lang='lat' dir='ltr'>ampliflimi</span> <span class='ocrx_word' id='word_1_251' title='bbox 968 1173 1086 1210; x_wconf 77' lang='lat' dir='ltr'>Patres</span> <span class='ocrx_word' id='word_1_252' title='bbox 1106 1196 1116 1209; x_wconf 87' lang='lat'>‚</span> <span class='ocrx_word' id='word_1_253' title='bbox 1141 1167 1380 1203; x_wconf 68' lang='lat' dir='ltr'>utdefinlaflt·</span> 
     </span>
     <span class='ocr_line' id='line_1_24' title="bbox 45 1213 1500 1268; baseline -0.016 2"><span class='ocrx_word' id='word_1_254' title='bbox 45 1228 103 1259; x_wconf 64' lang='lat' dir='ltr'>*An</span> <span class='ocrx_word' id='word_1_255' title='bbox 116 1223 334 1268; x_wconf 75' lang='lat' dir='ltr'>&amp;quomado</span> <span class='ocrx_word' id='word_1_256' title='bbox 353 1220 436 1263; x_wconf 77' lang='lat' dir='ltr'>fieri</span> <span class='ocrx_word' id='word_1_257' title='bbox 459 1221 581 1258; x_wconf 77' lang='lat' dir='ltr'>debeat</span> <span class='ocrx_word' id='word_1_258' title='bbox 603 1225 800 1258; x_wconf 75' lang='lat' dir='ltr'>intitulatio</span> <span class='ocrx_word' id='word_1_259' title='bbox 825 1226 859 1259; x_wconf 88' lang='lat' dir='ltr'>in</span> <span class='ocrx_word' id='word_1_260' title='bbox 873 1220 1023 1256; x_wconf 63' lang='lat' dir='ltr'><em>Ambus</em></span> <span class='ocrx_word' id='word_1_261' title='bbox 1045 1213 1299 1265; x_wconf 75' lang='lat' dir='ltr'>capitularibus</span> <span class='ocrx_word' id='word_1_262' title='bbox 1312 1223 1383 1249; x_wconf 84' lang='lat' dir='ltr'>tam</span> <span class='ocrx_word' id='word_1_263' title='bbox 1399 1215 1433 1249; x_wconf 82' lang='lat' dir='ltr'>in</span> <span class='ocrx_word' id='word_1_264' title='bbox 1448 1216 1500 1246; x_wconf 89' lang='lat' dir='ltr'>In-</span> 
     </span>
     <span class='ocr_line' id='line_1_25' title="bbox 130 1262 1353 1318; baseline -0.004 -15"><span class='ocrx_word' id='word_1_265' title='bbox 130 1267 360 1316; x_wconf 85' lang='lat' dir='ltr'>s&#39;ciptionibus</span> <span class='ocrx_word' id='word_1_266' title='bbox 378 1294 388 1308; x_wconf 94' lang='lat'>,</span> <span class='ocrx_word' id='word_1_267' title='bbox 423 1281 524 1317; x_wconf 88' lang='lat' dir='ltr'>quam</span> <span class='ocrx_word' id='word_1_268' title='bbox 554 1273 589 1305; x_wconf 79' lang='lat' dir='ltr'>in</span> <span class='ocrx_word' id='word_1_269' title='bbox 615 1270 917 1318; x_wconf 78' lang='lat' dir='ltr'>inscriptionibus,</span> <span class='ocrx_word' id='word_1_270' title='bbox 942 1271 986 1304; x_wconf 76' lang='lat'><em>&amp;</em></span> <span class='ocrx_word' id='word_1_271' title='bbox 1003 1266 1095 1313; x_wconf 80' lang='lat' dir='ltr'>signo</span> <span class='ocrx_word' id='word_1_272' title='bbox 1120 1265 1155 1298; x_wconf 86' lang='lat' dir='ltr'>in</span> <span class='ocrx_word' id='word_1_273' title='bbox 1171 1262 1247 1307; x_wconf 82' lang='lat' dir='ltr'>casu</span> <span class='ocrx_word' id='word_1_274' title='bbox 1273 1265 1353 1299; x_wconf 52' lang='lat' dir='ltr'>&amp;a</span> 
     </span>
    </p>
   </div>
   <div class='ocr_carea' id='block_1_3' title="bbox 100 1352 1507 1412">
    <p class='ocr_par' dir='ltr' id='par_1_3' title="bbox 100 1352 1507 1412">
     <span class='ocr_line' id='line_1_26' title="bbox 100 1352 1507 1412; baseline -0.014 -7"><span class='ocrx_word' id='word_1_275' title='bbox 100 1403 104 1405; x_wconf 72' lang='grc'><strong>,</strong></span> <span class='ocrx_word' id='word_1_276' title='bbox 136 1360 381 1412; x_wconf 80' lang='lat' dir='ltr'>Inscriptiones</span> <span class='ocrx_word' id='word_1_277' title='bbox 415 1361 588 1399; x_wconf 81' lang='lat' dir='ltr'>faciendas</span> <span class='ocrx_word' id='word_1_278' title='bbox 615 1363 680 1400; x_wconf 82' lang='lat' dir='ltr'>esse</span> <span class='ocrx_word' id='word_1_279' title='bbox 705 1378 712 1400; x_wconf 74' lang='grc' dir='ltr'><strong><em>ε</em></strong></span> <span class='ocrx_word' id='word_1_280' title='bbox 747 1363 946 1412; x_wconf 80' lang='lat' dir='ltr'>Praepofitus</span> <span class='ocrx_word' id='word_1_281' title='bbox 965 1387 977 1401; x_wconf 93' lang='lat'>,</span> <span class='ocrx_word' id='word_1_282' title='bbox 1002 1358 1221 1407; x_wconf 75' lang='lat' dir='ltr'>DignitateS,</span> <span class='ocrx_word' id='word_1_283' title='bbox 1251 1356 1284 1393; x_wconf 70' lang='grc' dir='ltr'>ὅ(</span> <span class='ocrx_word' id='word_1_284' title='bbox 1308 1352 1507 1394; x_wconf 46' lang='grc' dir='ltr'>(ῖειηοῃίιῑὶδὴ</span> 
     </span>
    </p>
   </div>
   <div class='ocr_carea' id='block_1_4' title="bbox 46 1496 1521 2690">
    <p class='ocr_par' dir='ltr' id='par_1_4' title="bbox 46 1496 1521 2690">
     <span class='ocr_line' id='line_1_27' title="bbox 46 1496 1500 1592; baseline -0.01 -48"><span class='ocrx_word' id='word_1_285' title='bbox 46 1505 133 1592; x_wconf 85' lang='lat' dir='ltr'><strong>U</strong></span> <span class='ocrx_word' id='word_1_286' title='bbox 151 1504 460 1542; x_wconf 85' lang='lat' dir='ltr'>RBEVETANA</span> <span class='ocrx_word' id='word_1_287' title='bbox 486 1507 637 1543; x_wconf 83' lang='lat' dir='ltr'>MlssAE</span> <span class='ocrx_word' id='word_1_288' title='bbox 661 1505 995 1546; x_wconf 83' lang='lat' dir='ltr'>PAROCHIALIS</span> <span class='ocrx_word' id='word_1_289' title='bbox 1013 1531 1021 1540; x_wconf 89' lang='lat'>.</span> <span class='ocrx_word' id='word_1_290' title='bbox 1048 1501 1098 1536; x_wconf 90' lang='lat' dir='ltr'>Vt</span> <span class='ocrx_word' id='word_1_291' title='bbox 1113 1502 1252 1536; x_wconf 87' lang='lat' dir='ltr'>Sacrum</span> <span class='ocrx_word' id='word_1_292' title='bbox 1270 1509 1331 1543; x_wconf 89' lang='lat' dir='ltr'>pro</span> <span class='ocrx_word' id='word_1_293' title='bbox 1344 1496 1475 1542; x_wconf 87' lang='lat' dir='ltr'>populo</span> <span class='ocrx_word' id='word_1_294' title='bbox 1490 1519 1500 1534; x_wconf 93' lang='lat'>‚</span> 
     </span>
     <span class='ocr_line' id='line_1_28' title="bbox 163 1545 1504 1603; baseline -0.008 -14"><span class='ocrx_word' id='word_1_295' title='bbox 163 1555 254 1598; x_wconf 89' lang='lat' dir='ltr'>quod</span> <span class='ocrx_word' id='word_1_296' title='bbox 267 1556 423 1589; x_wconf 74' lang='lat' dir='ltr'>anteacto</span> <span class='ocrx_word' id='word_1_297' title='bbox 447 1563 595 1600; x_wconf 84' lang='lat' dir='ltr'>tempore</span> <span class='ocrx_word' id='word_1_298' title='bbox 617 1556 858 1603; x_wconf 80' lang='lat' dir='ltr'>negligebatur</span> <span class='ocrx_word' id='word_1_299' title='bbox 881 1555 917 1589; x_wconf 89' lang='lat' dir='ltr'>in</span> <span class='ocrx_word' id='word_1_300' title='bbox 943 1549 1143 1588; x_wconf 86' lang='lat' dir='ltr'>Cathedrali</span> <span class='ocrx_word' id='word_1_301' title='bbox 1172 1545 1318 1582; x_wconf 79' lang='lat' dir='ltr'>Ecclesia</span> <span class='ocrx_word' id='word_1_302' title='bbox 1348 1545 1504 1580; x_wconf 90' lang='lat' dir='ltr'>Vrbeve-</span> 
     </span>
     <span class='ocr_line' id='line_1_29' title="bbox 96 1591 1503 1649; baseline -0.014 -5"><span class='ocrx_word' id='word_1_303' title='bbox 96 1610 203 1644; x_wconf 65' lang='lat' dir='ltr'>tana,</span> <span class='ocrx_word' id='word_1_304' title='bbox 227 1600 391 1648; x_wconf 84' lang='lat' dir='ltr'>deinceps</span> <span class='ocrx_word' id='word_1_305' title='bbox 404 1611 581 1648; x_wconf 83' lang='lat' dir='ltr'>ageretur,</span> <span class='ocrx_word' id='word_1_306' title='bbox 606 1604 737 1649; x_wconf 79' lang='lat' dir='ltr'>optimo</span> <span class='ocrx_word' id='word_1_307' title='bbox 762 1605 862 1640; x_wconf 87' lang='lat' dir='ltr'>duxit</span> <span class='ocrx_word' id='word_1_308' title='bbox 876 1601 1059 1647; x_wconf 86' lang='lat' dir='ltr'>Episcopus</span> <span class='ocrx_word' id='word_1_309' title='bbox 1086 1596 1126 1631; x_wconf 88' lang='lat' dir='ltr'>ad</span> <span class='ocrx_word' id='word_1_310' title='bbox 1154 1595 1190 1630; x_wconf 89' lang='lat' dir='ltr'>id</span> <span class='ocrx_word' id='word_1_311' title='bbox 1207 1604 1327 1639; x_wconf 80' lang='lat' dir='ltr'>urgere</span> <span class='ocrx_word' id='word_1_312' title='bbox 1350 1591 1503 1637; x_wconf 83' lang='lat' dir='ltr'>Capitu-</span> 
     </span>
     <span class='ocr_line' id='line_1_30' title="bbox 97 1638 1507 1696; baseline -0.02 5"><span class='ocrx_word' id='word_1_313' title='bbox 97 1647 191 1690; x_wconf 70' lang='lat' dir='ltr'>lum’</span> <span class='ocrx_word' id='word_1_314' title='bbox 216 1649 248 1684; x_wconf 87' lang='lat'>&amp;</span> <span class='ocrx_word' id='word_1_315' title='bbox 267 1649 422 1696; x_wconf 68' lang='lat' dir='ltr'>‘ImmVis</span> <span class='ocrx_word' id='word_1_316' title='bbox 447 1648 616 1686; x_wconf 70' lang='lat' dir='ltr'>canonici</span> <span class='ocrx_word' id='word_1_317' title='bbox 634 1677 646 1690; x_wconf 80' lang='lat'>‚</span> <span class='ocrx_word' id='word_1_318' title='bbox 671 1651 731 1696; x_wconf 88' lang='lat' dir='ltr'>qui</span> <span class='ocrx_word' id='word_1_319' title='bbox 753 1650 1071 1694; x_wconf 82' lang='lat' dir='ltr'>Archipresbytero</span> <span class='ocrx_word' id='word_1_320' title='bbox 1094 1655 1180 1679; x_wconf 88' lang='lat' dir='ltr'>onus</span> <span class='ocrx_word' id='word_1_321' title='bbox 1206 1642 1270 1676; x_wconf 89' lang='lat' dir='ltr'>hoc</span> <span class='ocrx_word' id='word_1_322' title='bbox 1294 1638 1507 1684; x_wconf 89' lang='lat' dir='ltr'>implendum</span> 
     </span>
     <span class='ocr_line' id='line_1_31' title="bbox 100 1684 1508 1746; baseline -0.009 -14"><span class='ocrx_word' id='word_1_323' title='bbox 100 1693 164 1729; x_wconf 79' lang='lat' dir='ltr'>effe</span> <span class='ocrx_word' id='word_1_324' title='bbox 187 1697 375 1744; x_wconf 85' lang='lat' dir='ltr'>putabant,</span> <span class='ocrx_word' id='word_1_325' title='bbox 400 1706 492 1731; x_wconf 86' lang='lat' dir='ltr'>metu</span> <span class='ocrx_word' id='word_1_326' title='bbox 516 1709 697 1743; x_wconf 81' lang='lat' dir='ltr'>poenarum</span> <span class='ocrx_word' id='word_1_327' title='bbox 720 1695 1004 1746; x_wconf 74' lang='lat' dir='ltr'>obtemperassent</span> <span class='ocrx_word' id='word_1_328' title='bbox 1026 1718 1036 1732; x_wconf 86' lang='lat'>,</span> <span class='ocrx_word' id='word_1_329' title='bbox 1060 1692 1097 1727; x_wconf 84' lang='lat' dir='ltr'>id</span> <span class='ocrx_word' id='word_1_330' title='bbox 1107 1701 1225 1726; x_wconf 89' lang='lat' dir='ltr'>tamen</span> <span class='ocrx_word' id='word_1_331' title='bbox 1237 1695 1376 1734; x_wconf 87' lang='lat' dir='ltr'>agerunt</span> <span class='ocrx_word' id='word_1_332' title='bbox 1402 1684 1508 1720; x_wconf 82' lang='lat' dir='ltr'>emis-</span> 
     </span>
     <span class='ocr_line' id='line_1_32' title="bbox 97 1733 1508 1795; baseline -0.011 -13"><span class='ocrx_word' id='word_1_333' title='bbox 97 1740 130 1776; x_wconf 76' lang='lat' dir='ltr'>sa</span> <span class='ocrx_word' id='word_1_334' title='bbox 146 1741 275 1795; x_wconf 61' lang='lat' dir='ltr'>semper</span> <span class='ocrx_word' id='word_1_335' title='bbox 302 1743 565 1790; x_wconf 85' lang='lat' dir='ltr'>protestatione;</span> <span class='ocrx_word' id='word_1_336' title='bbox 592 1745 740 1791; x_wconf 87' lang='lat' dir='ltr'>ideoque</span> <span class='ocrx_word' id='word_1_337' title='bbox 760 1748 798 1782; x_wconf 90' lang='lat' dir='ltr'>ad</span> <span class='ocrx_word' id='word_1_338' title='bbox 822 1758 894 1783; x_wconf 87' lang='lat' dir='ltr'>rem</span> <span class='ocrx_word' id='word_1_339' title='bbox 923 1741 1103 1778; x_wconf 86' lang='lat' dir='ltr'>finiendam</span> <span class='ocrx_word' id='word_1_340' title='bbox 1120 1738 1224 1774; x_wconf 74' lang='lat' dir='ltr'>satiusv</span> <span class='ocrx_word' id='word_1_341' title='bbox 1247 1733 1312 1772; x_wconf 74' lang='lat' dir='ltr'>esse</span> <span class='ocrx_word' id='word_1_342' title='bbox 1343 1741 1508 1780; x_wconf 85' lang='lat' dir='ltr'>putarunt</span> 
     </span>
     <span class='ocr_line' id='line_1_33' title="bbox 98 1779 1507 1834; baseline -0.015 1"><span class='ocrx_word' id='word_1_343' title='bbox 98 1789 335 1834; x_wconf 73' lang='lat' dir='ltr'>amplissimum</span> <span class='ocrx_word' id='word_1_344' title='bbox 359 1792 450 1827; x_wconf 85' lang='lat' dir='ltr'>hune</span> <span class='ocrx_word' id='word_1_345' title='bbox 462 1791 633 1829; x_wconf 82' lang='lat' dir='ltr'>Ordinem</span> <span class='ocrx_word' id='word_1_346' title='bbox 654 1793 752 1829; x_wconf 86' lang='lat' dir='ltr'>adire</span> <span class='ocrx_word' id='word_1_347' title='bbox 767 1820 776 1832; x_wconf 93' lang='lat'>‚</span> <span class='ocrx_word' id='word_1_348' title='bbox 806 1796 838 1829; x_wconf 75' lang='grc' dir='ltr'>ὅ(</span> <span class='ocrx_word' id='word_1_349' title='bbox 865 1802 955 1828; x_wconf 91' lang='lat' dir='ltr'>nunc</span> <span class='ocrx_word' id='word_1_350' title='bbox 981 1789 1100 1824; x_wconf 87' lang='lat' dir='ltr'>audito.</span> <span class='ocrx_word' id='word_1_351' title='bbox 1117 1786 1184 1827; x_wconf 84' lang='lat' dir='ltr'>jam</span> <span class='ocrx_word' id='word_1_352' title='bbox 1202 1810 1211 1823; x_wconf 88' lang='lat'>‚</span> <span class='ocrx_word' id='word_1_353' title='bbox 1244 1791 1282 1816; x_wconf 91' lang='lat' dir='ltr'>ut</span> <span class='ocrx_word' id='word_1_354' title='bbox 1308 1779 1507 1821; x_wconf 83' lang='lat' dir='ltr'>fierisolet,</span> 
     </span>
     <span class='ocr_line' id='line_1_34' title="bbox 97 1826 1508 1886; baseline -0.007 -13"><span class='ocrx_word' id='word_1_355' title='bbox 97 1837 285 1883; x_wconf 81' lang='lat' dir='ltr'>Episcopo,</span> <span class='ocrx_word' id='word_1_356' title='bbox 312 1838 371 1886; x_wconf 88' lang='lat' dir='ltr'>qui</span> <span class='ocrx_word' id='word_1_357' title='bbox 394 1838 604 1875; x_wconf 85' lang='lat' dir='ltr'>disertiflima</span> <span class='ocrx_word' id='word_1_358' title='bbox 634 1839 805 1886; x_wconf 83' lang='lat' dir='ltr'>respondit</span> <span class='ocrx_word' id='word_1_359' title='bbox 818 1837 970 1884; x_wconf 78' lang='lat' dir='ltr'>Epistola</span> <span class='ocrx_word' id='word_1_360' title='bbox 986 1862 995 1876; x_wconf 93' lang='lat'><strong>,</strong></span> <span class='ocrx_word' id='word_1_361' title='bbox 1020 1829 1258 1870; x_wconf 66' lang='lat' dir='ltr'>controversiae</span> <span class='ocrx_word' id='word_1_362' title='bbox 1272 1826 1508 1863; x_wconf 86' lang='lat' dir='ltr'>definitionem</span> 
     </span>
     <span class='ocr_line' id='line_1_35' title="bbox 99 1874 1509 1936; baseline -0.013 -7"><span class='ocrx_word' id='word_1_363' title='bbox 99 1886 278 1936; x_wconf 59' lang='grc' dir='ltr'>θῖΡῧξῗὸΠῑ</span> <span class='ocrx_word' id='word_1_364' title='bbox 300 1912 308 1922; x_wconf 86' lang='grc'><strong>-</strong></span> <span class='ocrx_word' id='word_1_365' title='bbox 334 1885 561 1925; x_wconf 72' lang='lat' dir='ltr'>Contendum</span> <span class='ocrx_word' id='word_1_366' title='bbox 576 1888 692 1933; x_wconf 86' lang='lat' dir='ltr'>itaque</span> <span class='ocrx_word' id='word_1_367' title='bbox 709 1888 1058 1932; x_wconf 78' lang='lat' dir='ltr'>Archipresbyterum</span> <span class='ocrx_word' id='word_1_368' title='bbox 1073 1908 1083 1921; x_wconf 90' lang='lat'>‚</span> <span class='ocrx_word' id='word_1_369' title='bbox 1106 1879 1165 1927; x_wconf 89' lang='lat' dir='ltr'>qui</span> <span class='ocrx_word' id='word_1_370' title='bbox 1180 1876 1327 1912; x_wconf 81' lang='lat' dir='ltr'>Parochi</span> <span class='ocrx_word' id='word_1_371' title='bbox 1346 1874 1509 1926; x_wconf 78' lang='lat' dir='ltr'>Officium</span> 
     </span>
     <span class='ocr_line' id='line_1_36' title="bbox 102 1921 1508 1980; baseline -0.009 -14"><span class='ocrx_word' id='word_1_372' title='bbox 102 1930 264 1967; x_wconf 86' lang='lat' dir='ltr'>substinet</span> <span class='ocrx_word' id='word_1_373' title='bbox 278 1959 289 1973; x_wconf 84' lang='lat'>,</span> <span class='ocrx_word' id='word_1_374' title='bbox 313 1932 422 1968; x_wconf 89' lang='lat' dir='ltr'>teneri</span> <span class='ocrx_word' id='word_1_375' title='bbox 446 1933 584 1969; x_wconf 83' lang='lat' dir='ltr'>Sacrum</span> <span class='ocrx_word' id='word_1_376' title='bbox 602 1945 663 1979; x_wconf 86' lang='lat' dir='ltr'>pro</span> <span class='ocrx_word' id='word_1_377' title='bbox 675 1937 799 1980; x_wconf 89' lang='lat' dir='ltr'>populo</span> <span class='ocrx_word' id='word_1_378' title='bbox 816 1934 918 1969; x_wconf 87' lang='lat' dir='ltr'>Festis</span> <span class='ocrx_word' id='word_1_379' title='bbox 940 1931 1056 1965; x_wconf 87' lang='lat' dir='ltr'>diebus</span> <span class='ocrx_word' id='word_1_380' title='bbox 1084 1936 1188 1973; x_wconf 88' lang='lat' dir='ltr'>agere</span> <span class='ocrx_word' id='word_1_381' title='bbox 1202 1951 1213 1965; x_wconf 89' lang='lat'>‚</span> <span class='ocrx_word' id='word_1_382' title='bbox 1238 1924 1337 1968; x_wconf 89' lang='lat' dir='ltr'>idque</span> <span class='ocrx_word' id='word_1_383' title='bbox 1367 1931 1469 1957; x_wconf 87' lang='lat' dir='ltr'>etiam</span> <span class='ocrx_word' id='word_1_384' title='bbox 1484 1921 1508 1956; x_wconf 86' lang='lat' dir='ltr'>si</span> 
     </span>
     <span class='ocr_line' id='line_1_37' title="bbox 101 1971 1510 2027; baseline -0.01 -10"><span class='ocrx_word' id='word_1_385' title='bbox 101 1990 183 2014; x_wconf 74' lang='lat' dir='ltr'>cura</span> <span class='ocrx_word' id='word_1_386' title='bbox 210 1988 344 2017; x_wconf 83' lang='lat' dir='ltr'>tantum</span> <span class='ocrx_word' id='word_1_387' title='bbox 369 1980 508 2016; x_wconf 71' lang='lat' dir='ltr'>actualis</span> <span class='ocrx_word' id='word_1_388' title='bbox 531 1993 630 2026; x_wconf 85' lang='lat' dir='ltr'>penes</span> <span class='ocrx_word' id='word_1_389' title='bbox 653 1993 729 2016; x_wconf 89' lang='lat' dir='ltr'>eum</span> <span class='ocrx_word' id='word_1_390' title='bbox 745 1981 783 2016; x_wconf 83' lang='lat' dir='ltr'>fit</span> <span class='ocrx_word' id='word_1_391' title='bbox 800 1981 876 2025; x_wconf 83' lang='lat' dir='ltr'>(uti</span> <span class='ocrx_word' id='word_1_392' title='bbox 904 1976 1060 2027; x_wconf 86' lang='lat' dir='ltr'>plurimis</span> <span class='ocrx_word' id='word_1_393' title='bbox 1081 1971 1339 2021; x_wconf 69' lang='lat' dir='ltr'>probationibus</span> <span class='ocrx_word' id='word_1_394' title='bbox 1356 1980 1510 2004; x_wconf 57' lang='lat' dir='ltr'>curam-2</span> 
     </span>
     <span class='ocr_line' id='line_1_38' title="bbox 100 2016 1510 2074; baseline -0.008 -13"><span class='ocrx_word' id='word_1_395' title='bbox 100 2034 236 2061; x_wconf 84' lang='lat' dir='ltr'>tantum</span> <span class='ocrx_word' id='word_1_396' title='bbox 257 2029 422 2064; x_wconf 76' lang='lat' dir='ltr'>actualem</span> <span class='ocrx_word' id='word_1_397' title='bbox 451 2030 537 2074; x_wconf 88' lang='lat' dir='ltr'>apud</span> <span class='ocrx_word' id='word_1_398' title='bbox 557 2028 895 2072; x_wconf 85' lang='lat' dir='ltr'>Archipresbiterum</span> <span class='ocrx_word' id='word_1_399' title='bbox 919 2024 983 2061; x_wconf 74' lang='lat' dir='ltr'>ess&#39;e</span> <span class='ocrx_word' id='word_1_400' title='bbox 1010 2021 1173 2058; x_wconf 86' lang='lat' dir='ltr'>monstrat</span> <span class='ocrx_word' id='word_1_401' title='bbox 1197 2018 1433 2062; x_wconf 80' lang='lat' dir='ltr'>Capitulum)</span> <span class='ocrx_word' id='word_1_402' title='bbox 1457 2016 1510 2051; x_wconf 89' lang='lat' dir='ltr'>uti</span> 
     </span>
     <span class='ocr_line' id='line_1_39' title="bbox 101 2066 1511 2120; baseline -0.009 -11"><span class='ocrx_word' id='word_1_403' title='bbox 101 2082 219 2120; x_wconf 85' lang='lat' dir='ltr'>aperte</span> <span class='ocrx_word' id='word_1_404' title='bbox 232 2073 412 2110; x_wconf 88' lang='lat' dir='ltr'>definitum</span> <span class='ocrx_word' id='word_1_405' title='bbox 434 2075 481 2111; x_wconf 86' lang='lat' dir='ltr'>est</span> <span class='ocrx_word' id='word_1_406' title='bbox 502 2086 521 2108; x_wconf 92' lang='lat' dir='ltr'>a</span> <span class='ocrx_word' id='word_1_407' title='bbox 543 2075 747 2110; x_wconf 73' lang='lat' dir='ltr'>sanctissimo</span> <span class='ocrx_word' id='word_1_408' title='bbox 772 2074 928 2120; x_wconf 84' lang='lat' dir='ltr'>Principe</span> <span class='ocrx_word' id='word_1_409' title='bbox 949 2071 1061 2106; x_wconf 85' lang='lat' dir='ltr'>nostro</span> <span class='ocrx_word' id='word_1_410' title='bbox 1091 2069 1126 2103; x_wconf 91' lang='lat' dir='ltr'>in</span> <span class='ocrx_word' id='word_1_411' title='bbox 1150 2066 1388 2107; x_wconf 74' lang='lat' dir='ltr'>Constitutione</span> <span class='ocrx_word' id='word_1_412' title='bbox 1415 2077 1511 2098; x_wconf 68' lang='lat' dir='ltr'><strong><em>cum-³</em></strong></span> 
     </span>
     <span class='ocr_line' id='line_1_40' title="bbox 95 2111 1514 2169; baseline -0.017 1"><span class='ocrx_word' id='word_1_413' title='bbox 95 2121 230 2168; x_wconf 66' lang='lat' dir='ltr'><em>semper</em></span> <span class='ocrx_word' id='word_1_414' title='bbox 247 2148 257 2157; x_wconf 90' lang='lat'><strong>·</strong></span> <span class='ocrx_word' id='word_1_415' title='bbox 277 2120 314 2167; x_wconf 52' lang='grc' dir='ltr'>ᾗ·</span> <span class='ocrx_word' id='word_1_416' title='bbox 329 2127 405 2158; x_wconf 71' lang='lat' dir='ltr'>Cum</span> <span class='ocrx_word' id='word_1_417' title='bbox 419 2125 506 2158; x_wconf 78' lang='lat' dir='ltr'>enim</span> <span class='ocrx_word' id='word_1_418' title='bbox 519 2146 530 2160; x_wconf 75' lang='lat'><strong>³</strong></span> <span class='ocrx_word' id='word_1_419' title='bbox 554 2135 627 2169; x_wconf 84' lang='lat' dir='ltr'>quae</span> <span class='ocrx_word' id='word_1_420' title='bbox 654 2122 692 2157; x_wconf 87' lang='lat' dir='ltr'>in</span> <span class='ocrx_word' id='word_1_421' title='bbox 710 2123 822 2158; x_wconf 87' lang='lat' dir='ltr'>lucem</span> <span class='ocrx_word' id='word_1_422' title='bbox 836 2122 1012 2157; x_wconf 86' lang='lat' dir='ltr'>hominum</span> <span class='ocrx_word' id='word_1_423' title='bbox 1025 2117 1118 2151; x_wconf 88' lang='lat' dir='ltr'>edita</span> <span class='ocrx_word' id='word_1_424' title='bbox 1146 2113 1212 2149; x_wconf 86' lang='lat' dir='ltr'>fuit</span> <span class='ocrx_word' id='word_1_425' title='bbox 1230 2114 1399 2148; x_wconf 78' lang='lat' dir='ltr'><em>Vol-XIII.</em></span> <span class='ocrx_word' id='word_1_426' title='bbox 1429 2111 1514 2146; x_wconf 85' lang='lat' dir='ltr'>The-</span> 
     </span>
     <span class='ocr_line' id='line_1_41' title="bbox 94 2159 1515 2217; baseline -0.018 -3"><span class='ocrx_word' id='word_1_427' title='bbox 94 2169 194 2213; x_wconf 67' lang='lat' dir='ltr'>ss‘un&#39;</span> <span class='ocrx_word' id='word_1_428' title='bbox 220 2170 328 2214; x_wconf 68' lang='lat' dir='ltr'>Resol·</span> <span class='ocrx_word' id='word_1_429' title='bbox 360 2174 453 2204; x_wconf 79' lang='lat' dir='ltr'>Sacr·</span> <span class='ocrx_word' id='word_1_430' title='bbox 484 2173 816 2217; x_wconf 81' lang='lat' dir='ltr'>Congreg.pag.221.</span> <span class='ocrx_word' id='word_1_431' title='bbox 847 2168 943 2203; x_wconf 90' lang='lat' dir='ltr'>Vnde</span> <span class='ocrx_word' id='word_1_432' title='bbox 968 2171 1115 2211; x_wconf 84' lang='lat' dir='ltr'>arguunt</span> <span class='ocrx_word' id='word_1_433' title='bbox 1141 2159 1515 2207; x_wconf 52' lang='lat' dir='ltr'>Archipresbyterunua</span> 
     </span>
     <span class='ocr_line' id='line_1_42' title="bbox 102 2204 1514 2264; baseline -0.019 -1"><span class='ocrx_word' id='word_1_434' title='bbox 102 2226 173 2251; x_wconf 75' lang='lat'>‘¹0¹¹</span> <span class='ocrx_word' id='word_1_435' title='bbox 190 2215 280 2261; x_wconf 71' lang='lat' dir='ltr'>POffC</span> <span class='ocrx_word' id='word_1_436' title='bbox 306 2215 399 2250; x_wconf 70' lang='lat' dir='ltr'>Sacri</span> <span class='ocrx_word' id='word_1_437' title='bbox 423 2215 523 2258; x_wconf 66' lang='lat' dir='ltr'>huius</span> <span class='ocrx_word' id='word_1_438' title='bbox 537 2216 744 2264; x_wconf 84' lang='lat' dir='ltr'>stipendium</span> <span class='ocrx_word' id='word_1_439' title='bbox 769 2226 884 2262; x_wconf 82' lang='lat' dir='ltr'>petere</span> <span class='ocrx_word' id='word_1_440' title='bbox 900 2242 910 2254; x_wconf 96' lang='lat'>,</span> <span class='ocrx_word' id='word_1_441' title='bbox 937 2223 1037 2259; x_wconf 86' lang='lat' dir='ltr'>atque</span> <span class='ocrx_word' id='word_1_442' title='bbox 1070 2209 1226 2254; x_wconf 87' lang='lat' dir='ltr'>accipere</span> <span class='ocrx_word' id='word_1_443' title='bbox 1251 2208 1308 2242; x_wconf 91' lang='lat' dir='ltr'>vel</span> <span class='ocrx_word' id='word_1_444' title='bbox 1330 2217 1348 2238; x_wconf 89' lang='lat' dir='ltr'>a</span> <span class='ocrx_word' id='word_1_445' title='bbox 1363 2204 1514 2251; x_wconf 87' lang='lat' dir='ltr'>Capitu-</span> 
     </span>
     <span class='ocr_line' id='line_1_43' title="bbox 103 2252 1515 2303; baseline -0.013 -1"><span class='ocrx_word' id='word_1_446' title='bbox 103 2262 139 2297; x_wconf 85' lang='lat'>10</span> <span class='ocrx_word' id='word_1_447' title='bbox 158 2288 169 2302; x_wconf 84' lang='lat'>‚</span> <span class='ocrx_word' id='word_1_448' title='bbox 194 2264 250 2299; x_wconf 86' lang='lat' dir='ltr'>vel</span> <span class='ocrx_word' id='word_1_449' title='bbox 276 2275 295 2298; x_wconf 86' lang='lat' dir='ltr'>a</span> <span class='ocrx_word' id='word_1_450' title='bbox 311 2261 417 2299; x_wconf 78' lang='lat' dir='ltr'>Massa</span> <span class='ocrx_word' id='word_1_451' title='bbox 429 2262 703 2299; x_wconf 83' lang='lat' dir='ltr'>distributionum</span> <span class='ocrx_word' id='word_1_452' title='bbox 719 2290 729 2303; x_wconf 95' lang='lat'>,</span> <span class='ocrx_word' id='word_1_453' title='bbox 755 2263 843 2299; x_wconf 85' lang='lat' dir='ltr'>alias</span> <span class='ocrx_word' id='word_1_454' title='bbox 869 2260 1003 2297; x_wconf 90' lang='lat' dir='ltr'>nullum</span> <span class='ocrx_word' id='word_1_455' title='bbox 1028 2259 1092 2293; x_wconf 85' lang='lat' dir='ltr'>hoc</span> <span class='ocrx_word' id='word_1_456' title='bbox 1117 2255 1195 2293; x_wconf 82' lang='lat' dir='ltr'>casu</span> <span class='ocrx_word' id='word_1_457' title='bbox 1222 2252 1515 2299; x_wconf 85' lang='lat' dir='ltr'>Archipresbytei·</span> 
     </span>
     <span class='ocr_line' id='line_1_44' title="bbox 106 2303 1514 2358; baseline -0.011 -13"><span class='ocrx_word' id='word_1_458' title='bbox 106 2308 212 2346; x_wconf 80' lang='lat' dir='ltr'>ferret</span> <span class='ocrx_word' id='word_1_459' title='bbox 236 2322 323 2346; x_wconf 79' lang='lat' dir='ltr'>onus</span> <span class='ocrx_word' id='word_1_460' title='bbox 345 2335 356 2349; x_wconf 84' lang='lat'>‚</span> <span class='ocrx_word' id='word_1_461' title='bbox 379 2313 469 2357; x_wconf 86' lang='lat' dir='ltr'>quod</span> <span class='ocrx_word' id='word_1_462' title='bbox 495 2312 639 2356; x_wconf 89' lang='lat' dir='ltr'>implere</span> <span class='ocrx_word' id='word_1_463' title='bbox 662 2311 734 2358; x_wconf 81' lang='lat' dir='ltr'>ipse</span> <span class='ocrx_word' id='word_1_464' title='bbox 753 2320 925 2345; x_wconf 87' lang='lat' dir='ltr'>teneretur</span> <span class='ocrx_word' id='word_1_465' title='bbox 951 2335 961 2349; x_wconf 89' lang='lat'>‚</span> <span class='ocrx_word' id='word_1_466' title='bbox 983 2317 1061 2341; x_wconf 90' lang='lat' dir='ltr'>cum</span> <span class='ocrx_word' id='word_1_467' title='bbox 1085 2303 1218 2340; x_wconf 84' lang='lat' dir='ltr'>ratione</span> <span class='ocrx_word' id='word_1_468' title='bbox 1242 2310 1388 2336; x_wconf 88' lang='lat' dir='ltr'>onerum</span> <span class='ocrx_word' id='word_1_469' title='bbox 1403 2325 1412 2338; x_wconf 93' lang='lat'>‚</span> <span class='ocrx_word' id='word_1_470' title='bbox 1439 2309 1514 2342; x_wconf 84' lang='lat' dir='ltr'>quae</span> 
     </span>
     <span class='ocr_line' id='line_1_45' title="bbox 69 2344 1515 2409; baseline -0.015 -11"><span class='ocrx_word' id='word_1_471' title='bbox 69 2396 76 2398; x_wconf 19' lang='lat' dir='ltr'>c</span> <span class='ocrx_word' id='word_1_472' title='bbox 107 2355 201 2409; x_wconf 68' lang='lat' dir='ltr'>sert,</span> <span class='ocrx_word' id='word_1_473' title='bbox 230 2359 262 2393; x_wconf 83' lang='lat'>&amp;</span> <span class='ocrx_word' id='word_1_474' title='bbox 286 2357 377 2394; x_wconf 84' lang='lat' dir='ltr'>ferre</span> <span class='ocrx_word' id='word_1_475' title='bbox 392 2357 677 2398; x_wconf 73' lang='lat' dir='ltr'>debet‚distin61a</span> <span class='ocrx_word' id='word_1_476' title='bbox 702 2366 804 2404; x_wconf 87' lang='lat' dir='ltr'>atque</span> <span class='ocrx_word' id='word_1_477' title='bbox 825 2355 980 2393; x_wconf 85' lang='lat' dir='ltr'>uberiori</span> <span class='ocrx_word' id='word_1_478' title='bbox 997 2351 1120 2389; x_wconf 85' lang='lat' dir='ltr'>ceteris</span> <span class='ocrx_word' id='word_1_479' title='bbox 1144 2348 1317 2386; x_wconf 89' lang='lat' dir='ltr'>canonicis</span> <span class='ocrx_word' id='word_1_480' title='bbox 1335 2344 1515 2397; x_wconf 51' lang='lat' dir='ltr'>ssraebenda</span> 
     </span>
     <span class='ocr_line' id='line_1_46' title="bbox 106 2392 1516 2455; baseline -0.013 -12"><span class='ocrx_word' id='word_1_481' title='bbox 106 2412 264 2455; x_wconf 71' lang='lat' dir='ltr'>potiatur</span> <span class='ocrx_word' id='word_1_482' title='bbox 286 2431 296 2446; x_wconf 91' lang='lat'>‚</span> <span class='ocrx_word' id='word_1_483' title='bbox 321 2405 353 2440; x_wconf 72' lang='grc' dir='ltr'>ἃ</span> <span class='ocrx_word' id='word_1_484' title='bbox 369 2417 487 2442; x_wconf 84' lang='lat' dir='ltr'>omnes</span> <span class='ocrx_word' id='word_1_485' title='bbox 502 2416 589 2441; x_wconf 89' lang='lat' dir='ltr'>curae</span> <span class='ocrx_word' id='word_1_486' title='bbox 609 2406 839 2440; x_wconf 85' lang='lat' dir='ltr'>obventiones</span> <span class='ocrx_word' id='word_1_487' title='bbox 856 2428 868 2441; x_wconf 70' lang='lat'><em>2</em></span> <span class='ocrx_word' id='word_1_488' title='bbox 892 2404 924 2438; x_wconf 86' lang='lat'>&amp;</span> <span class='ocrx_word' id='word_1_489' title='bbox 941 2400 1165 2438; x_wconf 87' lang='lat' dir='ltr'>Decimarum</span> <span class='ocrx_word' id='word_1_490' title='bbox 1178 2394 1379 2441; x_wconf 87' lang='lat' dir='ltr'>compendia</span> <span class='ocrx_word' id='word_1_491' title='bbox 1406 2392 1516 2443; x_wconf 74' lang='lat' dir='ltr'>lucri-</span> 
     </span>
     <span class='ocr_line' id='line_1_47' title="bbox 111 2441 1515 2498; baseline -0.009 -14"><span class='ocrx_word' id='word_1_492' title='bbox 111 2449 240 2488; x_wconf 77' lang='lat' dir='ltr'>faciat:</span> <span class='ocrx_word' id='word_1_493' title='bbox 266 2452 400 2488; x_wconf 77' lang='lat' dir='ltr'>idcirco</span> <span class='ocrx_word' id='word_1_494' title='bbox 412 2454 469 2489; x_wconf 89' lang='lat' dir='ltr'>ubi</span> <span class='ocrx_word' id='word_1_495' title='bbox 484 2454 620 2489; x_wconf 86' lang='lat' dir='ltr'>Sacrum</span> <span class='ocrx_word' id='word_1_496' title='bbox 639 2455 706 2488; x_wconf 88' lang='lat' dir='ltr'>hoc</span> <span class='ocrx_word' id='word_1_497' title='bbox 720 2461 820 2498; x_wconf 80' lang='lat' dir='ltr'>agant</span> <span class='ocrx_word' id='word_1_498' title='bbox 844 2453 916 2494; x_wconf 77' lang='lat' dir='ltr'>ejus</span> <span class='ocrx_word' id='word_1_499' title='bbox 940 2446 1154 2484; x_wconf 74' lang='lat' dir='ltr'>coadiutotes</span> <span class='ocrx_word' id='word_1_500' title='bbox 1174 2470 1184 2483; x_wconf 86' lang='lat'><strong>,</strong></span> <span class='ocrx_word' id='word_1_501' title='bbox 1210 2441 1380 2491; x_wconf 83' lang='lat' dir='ltr'>postulare</span> <span class='ocrx_word' id='word_1_502' title='bbox 1406 2447 1515 2473; x_wconf 88' lang='lat' dir='ltr'>ratio-</span> 
     </span>
     <span class='ocr_line' id='line_1_48' title="bbox 112 2485 1518 2546; baseline -0.017 -3"><span class='ocrx_word' id='word_1_503' title='bbox 112 2508 189 2533; x_wconf 70' lang='lat' dir='ltr'>nem</span> <span class='ocrx_word' id='word_1_504' title='bbox 201 2500 292 2541; x_wconf 69' lang='lat' dir='ltr'>luris·</span> <span class='ocrx_word' id='word_1_505' title='bbox 306 2527 317 2541; x_wconf 85' lang='lat'>,</span> <span class='ocrx_word' id='word_1_506' title='bbox 343 2510 383 2536; x_wconf 93' lang='lat' dir='ltr'>ut</span> <span class='ocrx_word' id='word_1_507' title='bbox 396 2501 439 2535; x_wconf 92' lang='lat' dir='ltr'>ab</span> <span class='ocrx_word' id='word_1_508' title='bbox 453 2501 786 2546; x_wconf 84' lang='lat' dir='ltr'>Archipresbytero‚</span> <span class='ocrx_word' id='word_1_509' title='bbox 811 2499 870 2545; x_wconf 85' lang='lat' dir='ltr'>qui</span> <span class='ocrx_word' id='word_1_510' title='bbox 891 2509 948 2532; x_wconf 79' lang='lat' dir='ltr'>eos</span> <span class='ocrx_word' id='word_1_511' title='bbox 970 2494 1100 2540; x_wconf 88' lang='lat' dir='ltr'>eligit,</span> <span class='ocrx_word' id='word_1_512' title='bbox 1127 2489 1279 2525; x_wconf 85' lang='lat' dir='ltr'>debitum</span> <span class='ocrx_word' id='word_1_513' title='bbox 1302 2486 1376 2533; x_wconf 82' lang='lat' dir='ltr'>ipsis</span> <span class='ocrx_word' id='word_1_514' title='bbox 1397 2485 1518 2520; x_wconf 85' lang='lat' dir='ltr'>solva-</span> 
     </span>
     <span class='ocr_line' id='line_1_49' title="bbox 112 2537 1520 2597; baseline -0.013 -13"><span class='ocrx_word' id='word_1_515' title='bbox 112 2553 168 2597; x_wconf 69' lang='lat' dir='ltr'>tm]</span> <span class='ocrx_word' id='word_1_516' title='bbox 190 2546 395 2594; x_wconf 82' lang='lat' dir='ltr'>stipendium</span> <span class='ocrx_word' id='word_1_517' title='bbox 419 2547 497 2587; x_wconf 83' lang='lat' dir='ltr'>sua,</span> <span class='ocrx_word' id='word_1_518' title='bbox 526 2559 598 2583; x_wconf 90' lang='lat' dir='ltr'>non</span> <span class='ocrx_word' id='word_1_519' title='bbox 613 2546 747 2586; x_wconf 81' lang='lat' dir='ltr'>aliena,</span> <span class='ocrx_word' id='word_1_520' title='bbox 772 2545 840 2581; x_wconf 88' lang='lat' dir='ltr'>ssve</span> <span class='ocrx_word' id='word_1_521' title='bbox 862 2541 1040 2590; x_wconf 84' lang='lat' dir='ltr'>capitulari</span> <span class='ocrx_word' id='word_1_522' title='bbox 1067 2537 1228 2587; x_wconf 59' lang='lat' dir='ltr'>pecuniaf</span> <span class='ocrx_word' id='word_1_523' title='bbox 1254 2537 1520 2578; x_wconf 72' lang='lat' dir='ltr'>adjumentum.»</span> 
     </span>
     <span class='ocr_line' id='line_1_50' title="bbox 111 2581 1521 2641; baseline -0.015 -7"><span class='ocrx_word' id='word_1_524' title='bbox 111 2603 204 2627; x_wconf 67' lang='lat' dir='ltr'>enlm</span> <span class='ocrx_word' id='word_1_525' title='bbox 217 2619 229 2634; x_wconf 88' lang='lat'>‚</span> <span class='ocrx_word' id='word_1_526' title='bbox 254 2596 343 2640; x_wconf 83' lang='lat' dir='ltr'>quod</span> <span class='ocrx_word' id='word_1_527' title='bbox 353 2594 408 2631; x_wconf 84' lang='lat' dir='ltr'>illi</span> <span class='ocrx_word' id='word_1_528' title='bbox 421 2593 577 2641; x_wconf 82' lang='lat' dir='ltr'>praestant</span> <span class='ocrx_word' id='word_1_529' title='bbox 591 2620 602 2635; x_wconf 85' lang='lat'>,</span> <span class='ocrx_word' id='word_1_530' title='bbox 617 2594 651 2628; x_wconf 92' lang='lat' dir='ltr'>in</span> <span class='ocrx_word' id='word_1_531' title='bbox 672 2592 858 2628; x_wconf 85' lang='lat' dir='ltr'>utilitatem</span> <span class='ocrx_word' id='word_1_532' title='bbox 874 2592 905 2626; x_wconf 87' lang='lat'>&amp;</span> <span class='ocrx_word' id='word_1_533' title='bbox 920 2586 1142 2626; x_wconf 90' lang='lat' dir='ltr'>commodum</span> <span class='ocrx_word' id='word_1_534' title='bbox 1155 2582 1249 2619; x_wconf 86' lang='lat' dir='ltr'>cedit</span> <span class='ocrx_word' id='word_1_535' title='bbox 1259 2583 1438 2618; x_wconf 85' lang='lat' dir='ltr'>dumtaxat</span> <span class='ocrx_word' id='word_1_536' title='bbox 1454 2581 1521 2615; x_wconf 77' lang='lat' dir='ltr'>Ar·-</span> 
     </span>
     <span class='ocr_line' id='line_1_51' title="bbox 113 2638 1236 2690; baseline -0.019 -3"><span class='ocrx_word' id='word_1_537' title='bbox 113 2639 398 2688; x_wconf 68' lang='lat' dir='ltr'>chipresbyieri,</span> <span class='ocrx_word' id='word_1_538' title='bbox 419 2642 480 2687; x_wconf 87' lang='lat' dir='ltr'>qui</span> <span class='ocrx_word' id='word_1_539' title='bbox 507 2653 569 2690; x_wconf 87' lang='lat' dir='ltr'>per</span> <span class='ocrx_word' id='word_1_540' title='bbox 599 2641 630 2676; x_wconf 90' lang='lat' dir='ltr'>se</span> <span class='ocrx_word' id='word_1_541' title='bbox 649 2640 756 2685; x_wconf 89' lang='lat' dir='ltr'>ipsum</span> <span class='ocrx_word' id='word_1_542' title='bbox 782 2638 899 2675; x_wconf 91' lang='lat' dir='ltr'>omnia</span> <span class='ocrx_word' id='word_1_543' title='bbox 923 2647 1022 2684; x_wconf 85' lang='lat' dir='ltr'>agere</span> <span class='ocrx_word' id='word_1_544' title='bbox 1038 2641 1211 2669; x_wconf 87' lang='lat' dir='ltr'>teneretur</span> <span class='ocrx_word' id='word_1_545' title='bbox 1227 2658 1236 2666; x_wconf 86' lang='lat'><em>.</em></span> 
     </span>
    </p>
   </div>
   <div class='ocr_carea' id='block_1_5' title="bbox 68 2674 1525 2761">
    <p class='ocr_par' dir='ltr' id='par_1_5' title="bbox 68 2674 1525 2761">
     <span class='ocr_line' id='line_1_52' title="bbox 68 2674 1524 2737; baseline -0.015 -8"><span class='ocrx_word' id='word_1_546' title='bbox 68 2684 204 2728; x_wconf 20' lang='lat' dir='ltr'>Caevteta</span> <span class='ocrx_word' id='word_1_547' title='bbox 224 2715 235 2732; x_wconf 89' lang='lat'>‚</span> <span class='ocrx_word' id='word_1_548' title='bbox 262 2701 335 2737; x_wconf 79' lang='lat' dir='ltr'>quae</span> <span class='ocrx_word' id='word_1_549' title='bbox 364 2689 400 2727; x_wconf 77' lang='lat' dir='ltr'>in</span> <span class='ocrx_word' id='word_1_550' title='bbox 425 2689 550 2726; x_wconf 87' lang='lat' dir='ltr'>libello</span> <span class='ocrx_word' id='word_1_551' title='bbox 574 2687 719 2736; x_wconf 84' lang='lat' dir='ltr'>capituli</span> <span class='ocrx_word' id='word_1_552' title='bbox 745 2686 904 2723; x_wconf 81' lang='lat' dir='ltr'>latiffime</span> <span class='ocrx_word' id='word_1_553' title='bbox 943 2691 1203 2732; x_wconf 80' lang='lat' dir='ltr'>proponuntur,</span> <span class='ocrx_word' id='word_1_554' title='bbox 1229 2677 1384 2725; x_wconf 87' lang='lat' dir='ltr'>excipere</span> <span class='ocrx_word' id='word_1_555' title='bbox 1406 2674 1524 2710; x_wconf 87' lang='lat' dir='ltr'>nolui-</span> 
     </span>
     <span class='ocr_line' id='line_1_53' title="bbox 1158 2732 1525 2761; baseline -0.016 0"><span class='ocrx_word' id='word_1_556' title='bbox 1158 2734 1160 2737; x_wconf 80' lang='grc'>’</span> <span class='ocrx_word' id='word_1_557' title='bbox 1428 2732 1499 2756; x_wconf 83' lang='lat' dir='ltr'>mus</span> <span class='ocrx_word' id='word_1_558' title='bbox 1514 2746 1525 2761; x_wconf 61' lang='lat'><strong>³</strong></span> 
     </span>
    </p>
   </div>
   <div class='ocr_carea' id='block_1_6' title="bbox 1536 1538 1750 1657">
    <p class='ocr_par' dir='ltr' id='par_1_6' title="bbox 1536 1538 1750 1657">
     <span class='ocr_line' id='line_1_54' title="bbox 1556 1538 1749 1579; baseline -0.005 -9"><span class='ocrx_word' id='word_1_559' title='bbox 1556 1538 1669 1579; x_wconf 68' lang='lat' dir='ltr'>Seſjm..</span> <span class='ocrx_word' id='word_1_560' title='bbox 1681 1539 1749 1569; x_wconf 65' lang='lat' dir='ltr'>dee.</span> 
     </span>
     <span class='ocr_line' id='line_1_55' title="bbox 1536 1578 1744 1618; baseline -0.024 -8"><span class='ocrx_word' id='word_1_561' title='bbox 1536 1581 1571 1610; x_wconf 81' lang='lat' dir='ltr'>de</span> <span class='ocrx_word' id='word_1_562' title='bbox 1579 1578 1744 1618; x_wconf 59' lang='lat' dir='ltr'>obsfff&#39;evit.</span> 
     </span>
     <span class='ocr_line' id='line_1_56' title="bbox 1536 1616 1750 1657; baseline -0.005 -8"><span class='ocrx_word' id='word_1_563' title='bbox 1536 1619 1570 1649; x_wconf 81' lang='lat' dir='ltr'>in</span> <span class='ocrx_word' id='word_1_564' title='bbox 1577 1616 1750 1657; x_wconf 56' lang='lat' dir='ltr'>celeb-Misi„</span> 
     </span>
    </p>
   </div>
  </div>
 </body>
</html>
