1883 2907
636 81 878 136 INDEX
917 81 1564 138 CONCLUSIONUM

403 109 432 157 9
1073 160 1075 162 ’
1151 151 1217 181 Nec
1235 150 1299 181 inde
1309 151 1351 181 illi
1362 153 1472 190 juvabit
1493 153 1621 186 resarcire
1635 156 1788 188 detrimen·

1189 191 1693 236 tumCoadiutoillatun1‚1ucrumque
1706 196 1786 232 illud,

702 199 762 260 C
1208 229 1263 259 uod
1282 234 1305 260 ei
1322 231 1475 262 obvenisset
1500 232 1518 259 si
1533 234 1700 271 prasentiam
1713 245 1786 276 pre·

1184 239 1303 302 gitiffet,
1313 272 1421 309 quoties
1431 279 1528 312 agatur
1546 282 1603 304 non
1615 275 1649 305 de
1665 277 1789 313 modica,

467 307 604 340 Anonicus
621 317 731 339 atatem
743 307 806 336 licet
823 307 858 337 ad
870 306 1063 339 Sacerdotium
1184 309 1212 336 &
1224 306 1325 338 casuali
1337 310 1457 341 absentia
1470 332 1480 346 ,
1501 311 1547 342 sed
1557 313 1592 344 de
1603 315 1764 346 voluntaria
1776 335 1789 351 .

396 320 456 383 C
472 347 642 378 necessariam
655 358 710 377 non
722 347 821 376 habens
833 362 845 378 ο
870 345 936 374 dum
951 347 1062 382 Chore,
1184 348 1213 376 ἃ
1234 346 1380 392 diuturna,¹
1402 351 1430 378 &
1454 351 1598 391 postquam
1624 354 1785 389 coadjutor

466 385 627 426 Divitiisque
638 387 747 416 Officiis
761 385 881 418 intersit,
893 385 1002 423 integro
1017 396 1060 415 ta·
1182 386 1283 428 pluries
1298 388 1460 424 judicialiter
1475 392 1598 423 monitus
1616 393 1702 425 fuerit
1717 404 1784 434 pag.

464 437 526 455 men
535 427 594 455 disti
604 426 759 454 ibutionum
769 424 934 462 compendio
947 424 999 457 frui
1011 425 1058 456 de.
1182 436 1229 461 27.
1252 428 1278 458 ὁ.
1292 428 1334 470 Ει.
1344 427 1413 471 hac3

463 466 510 495 bet
522 483 531 501 ,
558 474 584 503 p.
599 473 631 498 ις
665 463 686 492 9.
695 464 768 498 Juris
783 481 791 491 .
1141 466 1356 505 Redintegratio
1365 475 1439 498 enim
1448 468 1541 501 damni
1552 470 1697 508 Coadiuto
1707 473 1781 506 illati

426 508 488 538 Nec
503 505 526 533 ei
541 504 613 532 obest
625 501 786 532 Tridentini
799 500 964 537 decretum,
983 504 1060 544 quod
1179 503 1288 543 tespicit
1299 514 1409 536 tantuin
1423 511 1602 540 commodum
1613 510 1686 542 illius
1698 515 1723 542 δι
1738 512 1780 542 fa-

462 554 497 574 eo
508 553 562 571 nou
573 541 711 571 afficiatur
720 543 878 572 eanonicus
889 559 902 574 ³
915 544 962 581 qui
979 544 1057 573 nulla
1173 554 1271 577 vorem
1292 564 1303 578 ‚
1324 544 1369 575 sed
1392 557 1449 577 non
1461 548 1609 580 consulitur
1625 552 1673 581 tali
1693 552 1779 582 modo

458 583 538 620 culpa
551 598 563 612 ,
575 581 701 620 nullaque
717 580 889 618 negligentia,
903 580 953 612 suoe
968 584 1056 615 oetatis
1175 583 1341 615 detrimento
1355 584 1457 617 Cultus
1475 588 1582 623 divini,
1602 591 1629 618 &
1642 590 1783 626 Ecclesiae.

458 629 581 653 tantum,
594 619 637 649 vel
652 620 705 648 alla
720 619 845 658 legitima
855 620 948 655 causa,
960 623 1056 653 Sacros
1173 634 1248 659 cujus
1261 622 1364 654 servitii
1387 627 1494 657 ratione
1508 628 1699 664 Coadjutoriae
1709 638 1783 668 gra·

456 660 565 689 ordines
576 658 707 695 mscipete
720 669 776 689 non
788 660 893 696 potuit,
910 659 978 691 ibid.
1173 665 1211 693 tia
1227 663 1362 704 precipue
1380 668 1539 698 conceditur
1552 689 1561 703 ‚
1594 667 1664 697 ibid.

416 699 530 738 Amplia
548 697 639 726 multo
651 698 737 735 magis
750 697 769 727 si
786 698 830 728 hic
842 700 1052 729 canonicatum
1093 701 1288 734 cardinalibus
1309 705 1338 733 S·
1351 707 1391 736 R·
1403 707 1434 734 Ε.
1457 706 1512 737 siue
1537 707 1597 736 ullo
1614 707 1778 745 particulari

441 747 470 766 ‚a
483 739 598 767 Summo
611 738 741 769 pontifice
755 738 969 780 obtinuerit‚qui
986 748 1052 770 aeta-
1168 741 1313 782 privilegio
1337 741 1376 774 fas
1398 744 1436 775 est
1449 745 1597 777 familiares
1616 746 1678 777 suos
1692 747 1780 776 Ton-

452 776 487 806 tis
515 775 630 806 defectui
654 777 737 807 tacite
762 774 918 811 dispensasse
943 778 1053 809 censen·
1171 781 1247 815 sura,
1265 780 1468 823 minoribusque
1490 785 1631 816 ordinibus
1647 786 1776 824 insignire

452 816 520 844 dun.
531 815 646 850 est,dum
660 815 731 846 illius
743 825 852 845 aetatem
869 817 1051 851 sciebat9ibid.
1167 830 1196 859 p.
1209 831 1257 850 ιο.
1277 829 1342 850 cum
1363 821 1405 860 seq
1433 823 1456 854 §1
1471 825 1616 864 frisingen.

379 854 537 887 eanonicus
555 855 648 893 aliqua
660 854 787 886 laborans
799 854 997 889 infirmium&
1013 857 1051 889 ob
1090 858 1321 890 Cathedraticum
1343 862 1489 900 Episcopus
1511 863 1546 893 ab
1563 863 1687 894 Ecclesiis
1708 884 1720 898 ‚
1743 866 1774 895 δε
1802 887 1805 889 -

448 895 474 924 id
489 903 504 922 a
517 893 630 924 servitio
643 894 822 924 suaeEcclesiae
830 895 983 932 praestando
992 897 1051 925 exi·
1167 897 1343 929 Benefici-nis
1356 900 1485 939 colligere
1500 902 1593 940 debet,
1604 904 1632 932 &
1645 903 1772 934 retrahe·

446 935 485 963 mi
498 932 676 967 contendens,
692 933 880 964 infirmitatem
892 934 967 964 suam
983 937 1046 965 Me·
1162 947 1194 969 re
1204 954 1214 971 ‚
1237 947 1294 968 non
1305 948 1372 970 veto
1382 950 1399 970 a
1411 941 1552 980 Cappeihs
1566 960 1575 976 ‚
1590 942 1769 1012 Refiioriigus·

445 973 573 1002 dicorum
589 972 698 1010 potius,
722 982 806 1011 quam
815 973 1046 1011 Junsperitorum
1163 986 1218 1016 que
1231 976 1414 1010 Ecclesiarum
1427 979 1559 1011 Civitatis
1570 993 1579 1018 ‚-
1599 983 1665 1013 dum
1688 993 1707 1012 o
1742 982 1770 1014 id

446 1011 546 1046 judicio
556 1011 638 1042 debet
647 1012 790 1041 ostendere
802 1023 829 1052 p.
839 1021 883 1043 13-
899 1016 924 1045 ὁ.
938 1016 979 1043 Ex
990 1014 1022 1042 iis
1033 1033 1044 1043 .
1161 1016 1190 1046 in
1203 1017 1293 1047 bacris
1308 1019 1468 1049 canonibus
1478 1021 1525 1058 qui
1537 1020 1571 1050 de
1583 1021 1774 1055 cathedrati-
1808 1023 1811 1025 ’

404 1049 470 1087 Qua
486 1051 602 1089 probata
616 1051 724 1090 integra
739 1049 793 1080 frui
815 1052 898 1082 debet
916 1051 1044 1083 distribu·
1161 1057 1185 1085 ci
1198 1055 1340 1091 solutione
1351 1060 1478 1092 traciam,
1491 1057 1547 1088 non'
1556 1062 1686 1092 Civitatis
1697 1081 1707 1097 ,
1718 1061 1766 1092 sed

443 1088 555 1120 tionum
569 1089 714 1128 largitione
725 1108 736 1122 ‚
755 1100 790 1119 eo
810 1100 903 1120 tamen
919 1101 1040 1130 excepto
1158 1104 1269 1126 rantum
1282 1098 1434 1129 Diaeceseos
1448 1099 1555 1129 mentio
1575 1101 1623 1130 fiat
1632 1110 1664 1139 p.
1681 1111 1691 1130 ι
1703 1103 1766 1136 1·§·

440 1128 521 1159 luero
534 1146 545 1163 ‚
565 1129 639 1166 quod
651 1128 784 1158 obvenire
804 1130 887 1168 posset
898 1139 933 1160 ex
949 1133 1037 1162 Anni-
1156 1134 1226 1164 Non
1241 1136 1370 1175 equidem
1384 1155 1394 1164 .

437 1170 573 1203 versariis,
584 1167 698 1207 aliisque
713 1165 895 1198 funflionibus
904 1187 915 1204 ‚
929 1170 955 1198 in
969 1172 1035 1210 qui·
1076 1171 1182 1202 Clerici
1193 1173 1226 1204 de
1247 1184 1326 1205 entes
1343 1177 1540 1208 inTerritorio
1549 1177 1662 1215 aiicujus
1671 1178 1765 1208 Com-

436 1205 488 1236 bus
507 1206 677 1247 dispositione
694 1206 874 1237 Testatorum
893 1207 1034 1246 praesenti-
1152 1222 1216 1244 men
1238 1223 1258 1242 se
1271 1235 1281 1250 ‚
1292 1224 1356 1253 quae
1367 1216 1560 1254 Cappellanias
1580 1219 1607 1248 in
1620 1218 1763 1250 titulum..

436 1245 486 1274 bus
498 1255 606 1277 tantum
619 1244 781 1287 stipendium
801 1247 985 1288 praestandum
997 1249 1035 1280 est
1151 1251 1283 1287 confert,
1294 1262 1358 1283 cum
1373 1253 1476 1285 litteris
1488 1256 1642 1287 dimissoriis
1655 1256 1763 1286 Vicarii

434 1283 501 1314 ibid.
512 1287 539 1316 in
549 1285 598 1317 fin.
1155 1290 1219 1321 dit-‘ti
1232 1293 1382 1324 Tertitorii
1392 1294 1502 1332 possunt
1512 1296 1547 1324 a}
1560 1297 1658 1329 Sacros
1669 1295 1761 1327 Ordi-

369 1319 523 1355 eanonicus
537 1325 611 1355 nulla
625 1324 831 1363 iege,nulloque
841 1334 972 1365 umquam
987 1337 1036 1366 pa·
1082 1335 1087 1340 '
1153 1340 1201 1360 nes
1221 1333 1382 1371 promoveri
1395 1353 1406 1368 ,
1427 1333 1574 1364 accedente
1593 1335 1675 1374 longa
1686 1346 1761 1366 con·

429 1362 477 1393 έὶο
487 1382 497 1397 ,
523 1373 592 1393 voce
603 1384 613 1399 ,
622 1363 686 1395 loco
694 1383 704 1399 ,
716 1365 775 1400 iure
786 1367 878 1395 Turni
891 1383 902 1401 ,
917 1366 1033 1404 aliisque
1151 1367 1297 1403 suetudine
1313 1391 1325 1406 ,
1337 1374 1364 1402 δι
1374 1380 1404 1403 re
1415 1372 1536 1407 iudicata
1546 1379 1620 1413 p·16.
1637 1378 1663 1411 §-
1674 1377 1760 1404 Mon·

431 1401 550 1432 aliorum
571 1402 783 1435 Canonicorum
805 1403 956 1435 honoribus
977 1408 1033 1444 pri·
1149 1408 1234 1440 strant
1247 1429 1256 1438 .
1419 1428 1432 1442 ο

431 1442 490 1471 vari
503 1441 584 1471 debet
595 1452 605 1470 t
619 1441 676 1480 ipsa
694 1447 770 1473 enim
779 1444 906 1474 Canonia
925 1454 961 1474 eo
970 1445 1032 1476 casu
1069 1444 1230 1484 coadjutor
1253 1450 1326 1481 ultra
1343 1452 1429 1482 trium
1457 1452 1590 1482 mensium
1613 1450 1727 1492 spatium
1739 1463 1758 1483 a

428 1479 711 1520 extingueretur,quae
721 1481 790 1511 nihil
802 1482 878 1512 aliud
891 1483 1030 1524 est,quam
1147 1487 1290 1519 residentia
1309 1491 1449 1521 divertere
1460 1508 1469 1523 ‚
1494 1500 1576 1529 atque
1601 1491 1687 1522 abesse
1698 1501 1756 1521 non

433 1519 462 1548 in
474 1519 587 1550 fratrem
602 1521 722 1555 anetho,
733 1521 902 1560 alleausque
917 1523 1028 1553 excludi
1145 1526 1250 1558 cessans
1272 1529 1348 1559 cadit
1359 1530 1536 1561 Canonicatu
1548 1551 1557 1565 ‚
1581 1529 1682 1568 illoque
1697 1531 1757 1569 pri-

429 1557 527 1597 nequit
553 1568 568 1588 a
580 1561 689 1595 juribus
712 1570 773 1605 quae
795 1561 896 1591 habent
906 1562 951 1592 alii
964 1566 1029 1592 Fra·
1144 1575 1226 1597 vatur
1238 1587 1245 1594 .
1266 1567 1321 1597 Ille
1336 1570 1410 1599 enim
1422 1579 1453 1598 ea
1465 1570 1635 1608 potissimum
1647 1571 1755 1601 ratione

428 1603 485 1627 tres
496 1620 506 1634 ,
519 1607 632 1638 quaeque
650 1599 677 1628 in
689 1601 744 1639 ipsa
755 1601 885 1632 camonia
901 1601 1026 1642 comple·
1145 1605 1174 1633 in
1190 1606 1284 1636 locum
1299 1610 1358 1637 veri
1371 1609 1508 1638 Canonici
1522 1608 1684 1646 subrogatur
1697 1629 1708 1642 ,
1725 1617 1758 1639 ut

434 1636 566 1669 fiuntur,
585 1647 614 1677 p.
627 1643 678 1673 63·
699 1645 723 1677 §-
733 1639 804 1670 Ait.
1145 1644 1290 1676 servitium
1304 1645 1374 1676 iilud
1388 1647 1490 1685 pnstet
1502 1666 1512 1681 ,
1535 1648 1612 1687 quod
1628 1647 1757 1682 coadju-

353 1668 509 1705 eanonicus
523 1676 639 1712 quilibet
649 1679 733 1708 etiam
746 1677 765 1707 si
776 1679 802 1707 in
813 1678 868 1709 alia
880 1679 1027 1710 Parochia-
1147 1692 1190 1714 tus
1202 1684 1275 1715 haud
1288 1685 1363 1715 valet
1374 1687 1497 1724 praestare
1508 1699 1518 1721 ;
1545 1688 1665 1723 ideoque
1678 1686 1697 1716 si
1708 1686 1755 1718 ille

423 1713 445 1743 li
457 1713 572 1744 Ecclesia
586 1718 757 1750 Priotatum,
769 1717 816 1749 seu
829 1719 946 1748 Parochi
960 1720 1026 1750 offi-
1144 1733 1260 1754 munere
1300 1724 1348 1754 suo
1377 1736 1434 1754 non
1469 1726 1601 1764 fungatur
1635 1726 1754 1757 facultas

420 1754 494 1782 cium
505 1754 650 1789 obtineat,
671 1755 741 1786 festis
756 1767 852 1788 tamen
866 1757 960 1787 diebus
974 1762 1024 1794 ,δε
1145 1763 1304 1799 Coadjutor
1326 1763 1356 1794 fit
1383 1767 1411 1794 &
1445 1766 1566 1803 potestas
1593 1764 1678 1796 alium
1702 1765 1751 1796 sibi

423 1790 573 1828 praesertim
586 1793 816 1825 sollemnioribus
829 1796 940 1827 Divinis
949 1800 1024 1829 offi-
1139 1801 1346 1838 coadiutorem
1363 1804 1486 1842 petendi,
1500 1806 1546 1842 qui
1563 1804 1680 1836 servitio
1689 1807 1746 1834 Ec-

420 1830 470 1873 ciis
482 1829 509 1860 in
522 1831 625 1863 Choro
639 1854 649 1867 ‚
673 1831 811 1872 sacrisque
823 1834 882 1865 aliis
900 1836 1023 1868 iunctio·
1138 1839 1221 1870 clefiae
1239 1852 1295 1872 non
1305 1843 1370 1873 desit
1383 1853 1410 1881 p.
1427 1848 1475 1873 26.
1488 1845 1516 1873 δι
1528 1845 1586 1883 seq·
1602 1846 1628 1876 §-
1642 1843 1750 1874 Ratio·
1800 1859 1807 1876 ι

420 1868 500 1899 nibus
515 1873 555 1901 uti
568 1872 615 1901 alii
627 1871 765 1903 Canonici
788 1875 912 1906 intereffe
936 1877 1022 1908 debet
1138 1890 1225 1917 num,
1247 1885 1275 1912 &
1295 1886 1316 1913 Φ.
1333 1885 1372 1912 fix
1384 1884 1434 1913 hac
1455 1883 1482 1911 in
1503 1883 1622 1921 princip.

419 1916 478 1946 p·9·
490 1911 518 1939 &
528 1921 572 1941 ro.
591 1913 616 1941 §-
631 1911 786 1941 S.Miniatis
797 1930 809 1943 .
1061 1915 1168 1957 Neque
1179 1919 1222 1949 illi
1242 1922 1316 1952 haud
1332 1930 1500 1961 quamquam
1513 1923 1618 1957 juvabit
1631 1920 1747 1951 resmi-

352 1941 488 1977 Canonici
513 1951 637 1987 coadjuti
649 1970 660 1985 ,
680 1952 707 1979 &
725 1953 808 1982 etiam
832 1952 1022 1991 Coadjtitores
1136 1968 1167 1988 re
1181 1960 1381 1991 detrimentum
1396 1961 1538 1995 coadiuto
1563 1971 1598 1990 ex
1612 1960 1659 1990 sua
1675 1959 1745 1989 defi·

421 1985 496 2020 iUXta
513 1990 682 2020 Beneficium
696 1989 852 2022 clementis
866 1994 935 2027 vu.
955 1994 1020 2033 pos·
1140 1997 1242 2028 cientia
1255 1999 1362 2028 illatum
1375 2021 1385 2033 ,
1407 1998 1571 2038 lucrumque
1583 1999 1654 2030 illud
1667 1996 1745 2038 quod

419 2024 482 2068 sunt
499 2026 608 2067 fingulis
628 2029 705 2059 annis
719 2040 766 2068 per
780 2032 1020 2072 quinquaginta...
1138 2037 1163 2066 ei
1177 2038 1455 2078 obveniffet,quoties
1466 2048 1565 2076 agatur
1574 2049 1629 2068 non
1637 2039 1672 2069 de
1681 2047 1745 2068 mo·

423 2062 509 2095 dieta
524 2067 634 2097 servitio
648 2069 801 2107 praestando
820 2070 924 2109 abeffe,
948 2073 1016 2103 duni
1132 2077 1196 2106 dica
1215 2093 1228 2110 ‚
1248 2078 1276 2112 δι
1301 2078 1426 2111 casuali,
1446 2077 1492 2107 sed
1516 2079 1549 2107 de
1565 2077 1746 2110 voluntaria,

420 2109 514 2133 tamen
524 2114 586 2143 pars
600 2108 723 2145 ipsorum
740 2109 789 2140 tali
801 2111 956 2141 vacationis
967 2113 1014 2142 Iu·
1135 2115 1302 2148 &diuturna
1312 2118 1435 2148 absentia
1447 2135 1459 2151 ‚
1473 2118 1586 2156 postque
1600 2117 1690 2154 plures
1701 2115 1747 2150 5²¹·
1767 2152 1770 2154 ,

420 2140 500 2186 dulto
512 2155 564 2173 non
574 2153 666 2175 utatur
678 2165 688 2180 ,
707 2156 750 2186 pa
757 2152 784 2178 8.
798 2149 822 2179 §-
837 2150 992 2182 civitatem
1004 2170 1014 2180 .
1134 2153 1245 2186 dictales
1255 2157 1422 2188 monitiones
1433 2165 1464 2194 p·
1478 2161 1527 2188 27·
1540 2159 1568 2189 §-
1584 2157 1622 2184 Ex
1637 2155 1700 2185 ἢκ·

346 2177 483 2209 Canonici
495 2183 565 2212 ultra
575 2185 659 2213 trium
672 2189 803 2219 menfium
816 2188 932 2226 spatium
945 2202 961 2221 a
971 2200 1017 2221 re·
1096 2194 1308 2234 Redintegratio
1318 2195 1393 2226 enim
1407 2195 1470 2224 talis
1483 2193 1576 2222 damni
1595 2204 1623 2224 cs
1631 2192 1741 2223 ncernit

417 2218 531 2250 sidentia
544 2222 777 2265 divertere,atque
789 2226 878 2258 abcffe
887 2239 942 2259 non
955 2229 1016 2267 pof-
1138 2242 1248 2263 tantum
1260 2233 1443 2265 commodum
1458 2233 1605 2267 coadjuti,
1617 2236 1644 2264 δι
1658 2231 1743 2262 favo·

410 2258 472 2288 sunt
486 2281 497 2293 ,
523 2259 588 2290 alias
602 2261 711 2293 servatis
729 2267 759 2294 iis
771 2288 782 2300 ,
803 2275 865 2305 quae
886 2268 1016 2300 servanda
1135 2283 1208 2308 rem,
1217 2271 1263 2302 sed
1276 2283 1330 2302 non
1343 2272 1497 2302 consulitur
1508 2272 1558 2301 hac
1569 2270 1679 2302 medela
1691 2271 1743 2302 de·

409 2296 583 2329 suntcadunt
595 2301 815 2333 canonicatibus
830 2322 840 2337 ,
860 2306 944 2345 iisque
957 2309 1013 2346 pti-
1133 2313 1264 2341 tgjmento
1289 2311 1388 2342 Cultus
1409 2311 1518 2346 divini,
1548 2313 1576 2340 St
1596 2309 1744 2346 Ecclefiae,

406 2346 522 2372 vantur,
543 2349 561 2377 Ρ
573 2343 622 2369 26-
637 2342 833 2373 §.Rationum
849 2361 858 2371 -
1130 2352 1207 2386 cujus
1225 2352 1361 2388 praecipue
1397 2350 1500 2380 servitii
1523 2352 1632 2381 ratione
1651 2349 1744 2388 gratia

374 2372 462 2412 Quod
472 2378 564 2407 multo
575 2388 660 2418 magis
671 2379 767 2411 iocum
782 2382 865 2412 habet
874 2383 903 2413 in
915 2383 1014 2416 Coad-
1133 2389 1326 2426 Coadjutotiae
1337 2389 1502 2420 conceditur
1517 2389 1585 2420 ibid-

410 2416 502 2449 jutore
512 2435 522 2450 ,
543 2418 592 2456 qui
615 2427 649 2448 ea
662 2421 767 2450 ratione
788 2422 815 2450 in
837 2421 930 2453 locum
951 2425 1015 2454 veri
1055 2426 1234 2464 Consensus,
1262 2431 1290 2458 δι
1303 2431 1410 2459 animus
1424 2429 1458 2458 ad
1472 2430 1614 2467 incognita
1625 2426 1742 2466 porrigi,

408 2452 543 2484 Canonici
553 2456 733 2496 subrogatur,
742 2469 772 2490 ut
785 2458 928 2492 servitium
944 2462 1015 2493 illud
1130 2467 1259 2507 trahique
1276 2480 1331 2500 non
1358 2470 1469 2507 potest,
1489 2473 1593 2507 pag-²·
1618 2469 1642 2500 §-
1669 2468 1740 2497 Haec

406 2492 534 2536 prastet,
557 2496 633 2533 quod
648 2496 808 2534 coadjutus
818 2502 941 2538 praestare
959 2513 1009 2533 ne·
1127 2506 1241 2538 summa
1264 2507 1291 2537 ¹'n
1311 2509 1384 2539 fine·

405 2537 486 2566 qu¹t3
506 2532 624 2570 ideoque
650 2537 668 2565 si
687 2535 733 2566 ille
746 2548 845 2568 munus
861 2539 937 2569 suum
954 2552 1008 2572 non
1049 2545 1232 2578 Consuetudo
1254 2557 1400 2588 utramque
1414 2546 1539 2585 paginam
1555 2543 1621 2576 facit
1642 2554 1674 2584 1>-
1687 2551 1741 2582 5²·

406 2566 734 2617 adinipleat,facultatem
749 2579 908 2622 Coadjutus
920 2580 1004 2612 habet
1121 2595 1186 2617 cum
1204 2585 1262 2627 seq·
1275 2589 1301 2624 ᾗ.
1310 2586 1446 2620 facultati
1461 2585 1489 2614 in
1504 2584 1557 2616 fine
1570 2601 1579 2611 ·

406 2603 491 2634 alium
499 2609 698 2644 coadjutorem
711 2617 830 2650 petendi,
843 2620 890 2654 qui
903 2619 1002 2649 Eccle-

404 2643 445 2672 fiae
459 2644 568 2676 servitio
588 2651 682 2683 praesto
703 2651 733 2680 sit
756 2660 883 2698 pag-⁵26·
903 2658 1000 2696 &seq-

402 2683 429 2715 9.
441 2684 595 2717 Rationum
611 2688 638 2717 8<
652 2691 678 2725 §.
697 2691 739 2723 Ex
752 2691 802 2724 hac
818 2703 845 2724 m
856 2694 977 2734 princip,
1629 2735 1737 2770 Dimi-
