1874 2961
284 130 291 134 .
1509 102 1547 132 Ρ9

63 131 265 169 examinata:
280 141 314 165 in
328 128 400 176 ipsa
416 129 522 165 Curia
537 127 744 166 Patriachali
759 127 844 172 iussu
862 131 952 166 Sacri
968 131 1064 173 huius
1081 130 1276 169 Tribunalis
1290 160 1299 176 ‚
1311 146 1330 170 a
1343 148 1413 183 quo
1424 137 1547 181 proba-

63 189 106 215 tae
119 179 254 214 fueram
270 177 458 213 earumdem
477 177 752 214 Testisieationes
773 201 783 215 ,
809 189 903 213 novo
914 176 1046 214 formali
1063 181 1211 215 examini
1229 181 1475 220 ilibii'ccicntur
1491 212 1498 220 .

15 228 106 265 Cum
130 225 248 260 abhoc
263 224 417 261 Deera-10
432 237 496 261 non
511 224 706 273 appellasset
727 224 898 260 feliciana
918 250 928 264 ,
953 236 1080 261 novem
1102 227 1273 263 Moniales
1288 230 1438 270 nformali
1465 244 1546 267 exa-

60 272 145 310 mini
160 270 314 320 sulqjectx
332 271 467 307 fuerunt
482 300 492 314 ‚
518 283 670 311 exteris,
698 271 754 306 vel
769 273 848 317 quia
863 280 1007 307 mortem
1021 274 1176 308 obierant
1195 302 1204 315 ‚
1229 277 1284 310 vel
1299 278 1377 323 quia
1407 278 1545 314 adversa

60 316 262 356 valetudine
275 319 539 360 detinebamur,
566 330 634 354 non
652 320 832 365 repetitis5
859 319 937 354 licet
971 328 1084 355 autem
1110 332 1152 355 ex
1184 322 1284 357 diois
1313 325 1545 363 earumdem„

61 365 270 404 Monialium
284 366 470 402 nonsolum
483 366 685 415 confirmata
706 377 746 400 ea
765 388 774 402 ‚
800 378 873 412 qux
895 367 934 400 de
960 367 1018 407 vi,
1047 370 1081 402 &
1116 378 1208 403 metu
1237 369 1414 406 Feliciana:
1443 374 1544 408 illato

60 413 245 453 retulerant
271 415 304 448 in
319 413 522 460 praecedenti
548 414 704 450 examine
723 439 732 453 ,
760 412 815 448 sed
839 413 906 447 alia
927 412 1028 450 etiam
1054 415 1274 455 addidissent,
1302 418 1334 453 ἀ
1363 420 1545 464 quiedam-2

57 461 206 509 *apertius
227 459 450 496 declarassent
470 487 480 500 ‚
501 461 634 509 placuit
654 471 768 496 tamen
792 459 968 494 sribunali
981 461 1167 509 Collegiali
1184 462 1372 500 Relationis
1390 465 1542 500 Patriar—

64 508 171 544 chalis
201 508 426 553 pronunciare
452 509 605 544 validam
633 509 785 542 eamdem
823 505 1060 542 Profeffionem
1096 508 1231 545 defectu
1266 511 1453 556 gravissimi
1493 512 1542 547 il-

66 556 139 591 lius·
158 563 265 590 metus
292 581 302 595 ,
339 555 398 602 qui
432 555 543 591 virum
568 554 865 591 constantiffimum
890 556 1087 595 concutiat,
1115 556 1146 590 &
1174 556 1262 602 quod
1279 558 1328 593 vis
1341 559 1454 594 metus<
1471 570 1546 596 uc..-

60 609 136 638 mon
159 600 266 636 fuerit
290 614 308 636 a
335 602 436 638 Patre
465 602 585 638 illatus
614 601 649 636 in
676 603 752 645 iure
778 598 909 637 necesse
942 598 980 634 sit
1005 627 1015 641 ,
1050 611 1087 638 ut
1114 604 1165 638 vis
1203 604 1373 651 metusque
1399 617 1416 640 a
1471 614 1544 640 atre

62 648 228 687 inferatur
263 657 417 690 tantum,
442 661 510 684 non
534 650 576 685 ab
597 649 697 688 aliis,
725 656 762 683 ut
789 648 823 681 in
850 648 912 682 hac
939 646 1050 694 speeie
1075 649 1188 685 illatus
1226 663 1243 685 a
1270 651 1483 691 Matertera,
1511 654 1543 687 δι

65 698 180 733 eadem
214 695 378 732 constanti
407 722 417 736 ,
464 695 633 742 animique
670 693 877 742 propositum
912 719 922 734 ‚
968 696 1058 743 quod
1089 697 1124 732 in
1165 697 1249 733 viris
1277 698 1508 735 fortiffimisest
1530 725 1541 738 ‚

64 753 262 780 concurrere
285 744 388 778 etiam
417 742 566 779 debeant
592 743 630 778 in
655 742 791 788 pectore
816 749 937 776 tenerae
964 767 974 780 ,
1000 742 1194 790 pavidaeque
1219 744 1342 782 Puelix
1367 772 1377 782 .
1405 746 1540 791 Appel-

65 790 161 827 lavit
172 789 345 825 Feliciana
360 789 403 824 ab
417 791 480 826 hac
501 789 668 827 sententia
693 789 732 823 ad
753 788 931 823 Nuncium
947 789 1179 834 Apostolicum
1206 791 1315 828 citato
1340 793 1539 829 Promotore

65 836 192 874 fiscali
204 835 349 879 ejusdem
367 836 607 875 Nunciaturae,
631 836 687 882 qui
703 834 893 870 declaravit
918 837 1003 879 apud
1018 838 1124 876 Aua,
1151 839 1268 874 mirari
1294 839 1425 882 injustis
1440 865 1450 878 ,
1466 838 1543 874 illi-

64 883 209 929 cit-isque
228 883 334 919 modis
351 883 513 920 Parentes
535 885 571 920 in
586 895 625 918 eo
640 884 762 929 Regno
775 881 825 916 uti
845 881 953 917 solere
965 907 975 920 ,
994 892 1031 916 ut
1046 885 1243 919 reluCtantes
1260 885 1363 921 Filias
1379 889 1417 921 ad
1436 885 1545 932 profi-

64 930 205 967 tendum
218 930 434 965 inducerent:
460 931 512 967 sed
529 941 641 966 tamen
660 929 805 965 Auditor
823 927 971 971 ejusdem
988 928 1210 966 Nunciaturae
1225 932 1424 967 sententiam
1450 932 1545 972 tulit,

89 989 131 1013 ua
158 977 304 1023 priorem
330 976 572 1014 confirmavit.
601 976 776 1012 Feliciana
802 975 909 1021 igitur
940 974 984 1009 ad
1008 977 1248 1012 Sanctiffimum
1262 979 1450 1014 Dominum
1470 979 1546 1013 No-

65 989 170 1061 ilium
187 1024 380 1072 appellavit
399 1051 410 1064 ,
441 1026 473 1061 &
487 1024 596 1061 Causa
615 1023 763 1059 infelicis
777 1022 874 1064 hujus
892 1020 1057 1058 Moniali's
1082 1025 1393 1070 sapientissimorum
1409 1025 1548 1062 patrum

66 1071 193 1116 iudicio
208 1083 295 1107 nunc
308 1071 487 1107 subiicitur
508 1100 517 1113 ,
533 1081 570 1108 ut
591 1072 679 1106 lecto
694 1072 816 1106 iterum
834 1070 923 1111 solio
951 1074 1224 1116 Congrqgationis
1252 1075 1322 1110 diei
1339 1082 1391 1118 25.
1410 1076 1546 1117 ‘janah

67 1122 117 1155 rii
147 1123 227 1156 anni
243 1128 336 1165 ¹744·
355 1146 365 1160 ,
390 1119 422 1153 δι
437 1119 594 1166 expenfis
609 1118 708 1154 novis
720 1113 1039 1152 Testificationibus
1054 1118 1262 1155 Monialium
1278 1145 1289 1163 ,
1312 1129 1383 1166 quae
1406 1130 1425 1154 a
1453 1118 1546 1155 Feli-

67 1165 165 1202 eiana
188 1174 422 1214 proponuntur
436 1192 446 1206 ,
467 1167 647 1202 decernere
676 1164 796 1210 poffint
810 1185 821 1197 .

23 1214 84 1251 'Aa
107 1215 230 1260 constet
251 1216 288 1250 de
312 1214 477 1250 nullitate
493 1213 705 1260 Profeffiom‘s
730 1214 764 1248 in
787 1210 865 1255 c-tsu
889 1214 966 1249 &a

199 1323 533 1378 Affirmative
555 1364 570 1388 ‚
605 1330 653 1380 ὅτ.
674 1323 906 1391 amplius
923 1361 943 1375 .-

25 1451 340 1538 SIPONTINA
367 1452 753 1491 RESTITUTIONIS
780 1451 831 1487 IN
861 1451 1340 1491 INTEGRUMeAdversus
1358 1454 1546 1501 quinquen·
1584 1450 1818 1498 &ss-2505&-

12 1513 16 1524 -·
102 1499 151 1537 nii
168 1500 291 1547 lapsum
306 1500 453 1549 postulat
466 1502 501 1536 in
532 1502 699 1550 integrum
719 1499 848 1535 restitui
865 1501 962 1536 l'ater
977 1501 1192 1546 dyaci'nthus
1218 1513 1235 1536 a
1263 1503 1359 1538 Serra
1377 1502 1545 1547 Capriola
1581 1497 1618 1532 de
1631 1495 1712 1542 Ref-

67 1547 210 1584 Ordinis
232 1548 502 1592 Capucci'nomm
519 1577 528 1590 ‚
557 1553 613 1595 qui
633 1549 667 1583 iri
681 1547 797 1583 saeeulo
815 1548 1077 1594 nuncupabatur
1089 1547 1234 1583 Carolus
1251 1550 1290 1584 de
1323 1552 1412 1584 Luca
1429 1562 1438 1582 ε
1468 1549 1546 1583 nul-

68 1595 136 1630 lam
149 1595 239 1630 enim
256 1595 339 1630 dicit
353 1594 587 1632 Profeffionem
602 1623 611 1637 ‚
636 1606 734 1641 quam
748 1592 854 1628 emisit
879 1594 931 1629 vit
947 1604 1101 1640 metuque
1126 1607 1144 1629 a
1169 1594 1267 1630 Patre
1293 1597 1420 1635 illato,
1450 1596 1541 1630 itaut

67 1643 200 1680 coaCtus
226 1641 324 1676 fuerit
338 1643 465 1678 invitus
487 1644 516 1678 &
532 1642 694 1678 reluctans
713 1639 829 1675 Vestes
845 1639 1032 1686 suscipere,
1062 1641 1116 1676 sed·
1127 1641 1243 1676 triduo
1266 1642 1342 1691 post
1362 1641 1448 1688 fugit
1466 1668 1476 1681 ,
1501 1642 1547 1678 li-

67 1697 124 1723 cet
141 1687 308 1723 inuti1it'er
321 1714 330 1727 ‚
352 1689 475 1730 eiectus
493 1691 583 1726 enim
601 1688 798 1725 verb-:ribus
811 1697 828 1721 e
846 1687 970 1722 laribus
992 1690 1136 1732 paternis
1149 1697 1265 1734 captus
1286 1689 1352 1726 fuit
1378 1690 1420 1723 ab
1435 1688 1545 1735 Agri*-

68 1735 177 1775 colis,
201 1736 232 1770 &
258 1735 405 1772 Rusticis
429 1736 570 1772 servitio
593 1737 701 1772 Patris
727 1734 862 1769 addictis
885 1760 895 1774 ,
920 1735 951 1769 δι
973 1734 1070 1770 rediit
1100 1735 1141 1770 ad
1173 1735 1415 1772 Monasterium
1441 1761 1452 1775 ,
1483 1734 1545 1770 ubi

68 1782 215 1828 perfecto
227 1785 432 1829 probationis
451 1794 602 1829 tempore
618 1811 628 1824 ‚
653 1795 720 1828 quo
733 1790 889 1817 currente
913 1780 1028 1816 frustra
1039 1779 1144 1816 vestes
1160 1781 1232 1816 suas
1252 1783 1451 1828 repetebat,
1484 1780 1544 1816 fu-

68 1829 114 1865 ste
126 1830 258 1864 dolatus
271 1843 289 1866 a
308 1831 342 1866 Ρ.
361 1832 458 1878 Magi
475 1835 527 1866 tro
541 1858 550 1871 ,
574 1829 802 1866 profesti-onem
816 1829 948 1863 tandem
966 1827 1074 1862 emisit
1089 1854 1098 1868 ,
1125 1827 1252 1864 invitus
1265 1830 1451 1868 relustans,
1480 1839 1547 1863 ne-

68 1888 175 1924 gans,
201 1877 233 1911 &
249 1888 428 1923 pernegat-is
454 1878 578 1923 semper
600 1878 630 1913 se
652 1875 714 1912 ess'e
728 1875 980 1920 Cappuccinum
1003 1886 1016 1912 3
1042 1875 1166 1917 pluries
1201 1874 1237 1909 in
1264 1873 1474 1924 apostaliam.
1489 1873 1545 1910 iri-

68 1924 177 1963 cidit,
207 1923 356 1960 reductus
370 1925 499 1970 semper
522 1926 565 1960 ad
583 1922 830 1960 Monasterium
845 1950 854 1962 ,
879 1921 986 1956 donec
1012 1921 1168 1961 difficili,
1196 1927 1371 1970 atrocique
1395 1923 1467 1964 eius
1483 1920 1544 1955 Pa.

70 1979 122 2005 tre
135 1970 409 2011 senio-coniecto,
434 1972 522 2007 &ob
547 1972 578 2006 id
594 1970 790 2006 inetuillius
806 1968 933 2004 solutus
950 1978 1064 2014 preces
1077 1968 1228 2008 obtulit,
1255 1978 1291 2004 ut
1308 1970 1342 2017 jn
1370 1970 1545 2014 integrum

68 2017 315 2054 restitueretur.
342 2019 505 2054 Mandata
531 2018 593 2054 fuit
608 2017 791 2060 iurisdiQio
807 2041 817 2055 ,
848 2016 1093 2057 utJudicialem
1113 2015 1307 2052 Proceffum
1325 2016 1451 2052 faceret
1471 2016 1541 2050 Ar-

68 2064 288 2110 chiepiscopo
299 2066 483 2113 sipontino
500 2092 510 2106 ,
537 2068 594 2112 qui
608 2064 809 2100 examinatis
834 2074 953 2098 novem
970 2060 1150 2102 Testibus,
1175 2075 1195 2098 e
1220 2065 1343 2110 quibus
1370 2075 1408 2098 ea
1431 2087 1444 2103 ‚
1467 2073 1540 2109 quae

69 2111 167 2158 supra
190 2113 422 2153 narravimus,
446 2112 606 2149 rescimus
621 2139 629 2151 ‚
651 2112 688 2147 in
711 2123 750 2147 ea
769 2109 815 2146 est
835 2109 1027 2150 sententia,
1049 2118 1088 2144 ut
1114 2110 1151 2145 in
1179 2109 1349 2157 integrum
1376 2109 1407 2144 P.
1431 2110 1544 2155 Hya·

45 2194 47 2198 ,
69 2160 205 2194 cinthus
220 2159 416 2196 restituatur
429 2183 440 2194 .
452 2160 617 2200 judicium
629 2160 692 2194 erit
709 2157 999 2203 Aanpiiffimorum
1021 2155 1157 2192 Parrum
1172 2184 1181 2196 ,
1193 2157 1362 2204 perpensis
1381 2155 1539 2190 Testium

60 2207 189 2246 dictis,
215 2207 384 2242 &libello
407 2206 552 2249 ejusdem
563 2208 600 2241 Ρ.
621 2206 839 2253 Hyacinthi,
867 2203 955 2238 nihil
979 2203 1068 2238 enim
1095 2204 1270 2240 habuimus
1297 2206 1338 2240 ab
1350 2201 1517 2239 Ordine...
1532 2227 1544 2242 ,

70 2254 159 2289 nihil
186 2265 205 2288 a
230 2254 414 2298 Defensbre
437 2255 675 2300 Profeffionis,
699 2263 741 2287 an
766 2251 804 2287 sit
825 2249 1044 2299 postulationi
1068 2250 1148 2288 huic
1175 2251 1425 2299 indulgendum
1447 2263 1457 2285 ε
1484 2259 1544 2284 nos

71 2300 210 2337 dubium
231 2301 427 2337 subiicimus
450 2302 517 2337 &c.

21 2353 91 2384 *asin
105 2348 150 2392 sit
175 2351 265 2386 locus
290 2348 502 2391 restitutioni
526 2352 562 2388 in
576 2352 747 2397 Integrum
763 2350 796 2384 in
809 2346 888 2392 cafit
901 2349 978 2385 &c-

200 2457 379 2510 Dilata
395 2493 409 2519 ‚
448 2460 499 2510 &
519 2457 912 2524 coadjuvemur
929 2453 1286 2526 probationes
1304 2492 1318 2508 .

222 2779 402 2813 Toni-XVI.
667 2757 675 2759 s
967 2774 1002 2810 c
1445 2767 1518 2807 Die
