1874 2961
1497 156 1506 179 i

61 194 126 230 His
141 192 238 229 bonis
254 199 272 223 a
288 187 350 233 piis
361 183 593 223 Testatoribus
605 184 731 221 reliCtis
743 213 751 225 ,
776 183 918 233 alisque
932 186 973 220 ab
984 185 1101 222 eadem
1117 185 1346 225 Universitate
1363 155 1513 231 collatis.

93 239 248 277 obtinuit
265 235 479 271 Universias
502 236 544 269 ab
557 234 702 279 Optimo
715 233 938 280 Maximoque
962 232 1126 270 pontifice
1151 236 1332 272 Clemente
1350 238 1424 273 Vll⁴
1442 265 1450 276 ,
1475 247 1512 273 ut

92 289 127 324 in
141 285 263 322 codem
278 283 433 329 Templo
446 283 498 317 δ’δ’.
514 280 638 316 felicis
650 308 660 322 ‚
682 282 714 316 &
728 281 873 317 Adausti
888 291 1036 327 quatuor
1045 282 1281 328 Cappcllania:
1298 287 1338 319 ad
1366 296 1510 329 quatuor

88 335 184 371 illius
197 332 338 368 Aliaria
361 331 598 377 erigerentur,
625 326 708 363 taeta
724 328 843 375 aequali
874 329 1062 375 partitione
1079 338 1167 365 inter
1186 342 1243 365 eas
1271 332 1435 368 bonorum
1459 345 1510 370 re-

88 383 248 418 lictorum
279 406 289 420 ,
313 378 456 423 datoque
483 375 705 422 Cappellanis
725 387 826 411 onere
854 402 863 416 ,
888 375 1027 424 singulis
1056 377 1170 413 diebus
1191 378 1315 414 sacrum
1343 379 1510 421 faciendi,

83 427 279 476 ,gendi'que
310 426 425 460 d1Vin3
454 423 565 459 efficia
583 448 595 462 ,
632 433 736 469 atque
763 421 988 460 Ecclesiastiea
1022 426 1239 460 Sacramenta
1269 426 1507 468 ministr-indi.

89 472 270 513 Pontificis
297 473 449 507 mandata
467 479 655 516 exequutus
682 470 728 506 est
751 472 900 513 Joannes
924 472 1110 508 Matthaeus
1137 471 1305 510 Gibertus
1327 473 1507 521 Episcopus

86 526 149 563 ille
161 520 360 557 Veronenfis
377 519 498 555 Doctis
519 518 682 554 omnibus
705 519 769 554 aevi·
791 518 838 555 sui
865 519 1118 566 cognitissimus
1143 545 1155 560 ,
1178 522 1210 557 δι
1235 520 1481 558 laudatissimus
1496 548 1506 562 ,

87 572 144 622 qui
166 569 413 617 Cappellanias
432 566 540 603 erexit
569 592 579 606 ‚
615 567 649 601 8<
674 564 796 611 :equali
823 568 987 603 bonorum
1022 578 1116 614 parte
1147 569 1303 609 dotavit,
1327 569 1359 604 &
1388 579 1507 611 praetet

86 618 267 664 antiquum
292 616 425 652 censum
448 623 596 662 quatuor
615 613 783 649 librarum
808 625 894 650 cera:
917 614 1000 651 albcc
1026 615 1180 651 Ecclesiae
1199 616 1307 652 Matri
1329 618 1359 650 3.
1382 617 1506 653 Mariae

84 665 256 702 Minerbae
271 664 450 711 quotannis
476 660 693 707 praestandum
717 673 780 701 ea,
804 674 880 708 quae
898 663 1054 698 Summus
1078 663 1237 699 Pontifex
1258 675 1363 700 onera
1390 664 1507 707 injun-

82 720 184 749 xerat
201 737 211 752 ,
239 711 461 759 cappellanis
477 707 627 748 indixit,
656 709 918 756 reservavitque
934 710 1160 748 Universitati
1175 712 1253 753 Jura
1278 711 1481 748 Patronatus
1495 738 1506 753 ,

79 771 119 797 ut
142 758 302 794 Clemens
325 756 570 794 constituerat.

38 807 103 847 Sed
119 806 278 843 vicarius
290 805 472 841 Generalis
487 802 647 850 Episcopi
662 801 802 839 Giberti
819 830 830 843 ,
852 804 910 850 qui
932 805 1018 840 bona
1045 804 1184 852 singulis
1196 805 1434 853 Cappellaniis
1447 806 1504 840 ad-

82 853 242 902 signanda
252 853 471 898 separaverat
488 878 497 891 ,
521 850 590 886 alia
605 850 724 886 iisdem
741 863 843 888 onera
863 853 1017 896 adjunxit
1032 880 1042 894 ,
1066 866 1139 899 quae
1165 864 1207 888 ne
1222 854 1388 900 longiores
1403 852 1504 890 simus

80 901 117 937 in
136 901 230 936 Folio
247 898 450 940 scribendo,
473 900 586 946 legere
601 908 758 944 poterunt
774 899 1028 936 Eminentissimi
1043 902 1156 936 Patres
1175 900 1209 935 in
1236 901 1407 936 luculenta
1419 901 1502 945 lipi-

77 947 172 994 scopi
189 947 396 984 Veronensis
415 946 565 996 Epistola
589 946 629 980 ad
644 946 774 982 sacruiii
802 947 891 983 hunc
906 950 1064 984 Senatum
1081 948 1159 984 data
1173 973 1183 987 ,
1209 948 1253 984 de
1268 959 1335 994 qua
1349 948 1504 983 inferiori

78 995 156 1031 loco
180 995 354 1030 dicemus:
382 995 451 1030 alia
475 1005 610 1042 quoque
628 1004 729 1028 onera
756 993 1097 1031 addiditCardinalis
1111 994 1319 1044 Augustinus
1338 994 1502 1030 Valerius

75 1041 263 1090 Episcopus
278 1042 480 1078 Veronensis
503 1042 639 1076 decreto
665 1041 738 1077 lato
751 1041 806 1076 die
827 1052 881 1083 23.
903 1043 1063 1078 Octobris
1079 1045 1159 1078 anni
1177 1053 1277 1084 1574·
1291 1043 1343 1078 his
1361 1045 1408 1076 ita
1420 1052 1501 1076 con·-

69 1088 203 1126 =stitutis
219 1116 229 1130 ,
256 1101 298 1125 an
316 1089 436 1136 singuli
451 1088 653 1134 Cappellani
679 1088 771 1124 sacra
785 1089 942 1133 quotidie
962 1089 1131 1129 fecerint,
1159 1101 1268 1136 eaque
1291 1101 1353 1137 pro
1376 1087 1501 1124 oneri-

76 1135 138 1172 bus
151 1135 289 1173 fortasse
302 1147 418 1173 eorum
432 1134 670 1181 cappellanus
687 1137 829 1172 annexis
853 1139 1113 1184 applicaverint
1139 1138 1280 1172 omnino
1299 1138 1497 1183 ignoratur:

75 1182 297 1220 Dubitatum
311 1194 428 1219 tamen
443 1185 509 1219 hac
523 1183 563 1219 de
577 1193 615 1217 re
630 1182 726 1218 fuisse
741 1195 830 1219 anno
847 1190 906 1224 163
914 1197 946 1231 7.
967 1184 1070 1221 refert
1086 1187 1121 1220 in
1146 1183 1264 1220 eadem
1279 1183 1422 1231 epistola
1445 1182 1475 1218 is
1487 1209 1499 1224 ,

74 1232 134 1279 qui
150 1242 241 1266 nun:
260 1230 444 1266 Veronensi
460 1227 616 1266 Ecciefiae
638 1229 750 1276 praeest
764 1230 950 1277 Episcopus
966 1255 977 1266 .

33 1276 126 1314 Utut
145 1277 212 1313 sese
239 1289 288 1313 res
301 1279 484 1314 habuerint
496 1286 629 1313 certum
645 1277 692 1313 est
705 1276 825 1321 pestem
849 1290 904 1314 an.
923 1285 1023 1319 1630.
1043 1280 1093 1314 ita
1109 1278 1305 1314 universam
1318 1279 1496 1313 Veronen-

75 1325 146 1361 sem
159 1324 345 1362 Dioecesim
357 1323 556 1361 subvertisse
570 1350 581 1363 ,
607 1333 645 1358 ut
659 1325 776 1360 haruin
792 1325 1091 1371 Cappellaniarum
1107 1326 1256 1362 redditus
1269 1325 1415 1360 maxime
1432 1324 1497 1360 de-

74 1371 203 1408 minuti
220 1372 350 1407 fuerint
365 1398 377 1412 ,
400 1371 581 1417 nullusque
606 1370 685 1406 esset
703 1371 841 1406 idoneus
854 1372 1017 1408 Sacerdos
1032 1399 1044 1413 ,
1068 1374 1128 1420 qui
1143 1372 1371 1417 Cappellanus
1396 1371 1495 1410 esse...

75 1419 210 1458 vellet,
233 1418 408 1464 cultusque
431 1417 522 1452 Sacri
543 1416 686 1463 Templi
714 1419 850 1463 penitus
873 1421 1108 1465 negligeretur
1137 1432 1148 1458 3
1174 1419 1252 1454 huic
1279 1419 1383 1464 igitur
1407 1419 1499 1454 nialo

72 1465 277 1500 medicinam
301 1475 424 1510 parare
437 1463 579 1509 cupiens
595 1464 736 1499 Marcus
757 1463 964 1505 Justinianus
985 1465 1186 1500 Veronensis
1205 1465 1384 1510 Episcopus
1410 1477 1500 1502 anno

75 1517 176 1551 1643·
206 1511 346 1546 decreto
371 1511 432 1546 suo
444 1511 529 1545 duas
542 1510 752 1556 Cappellas,
779 1521 963 1557 earumque
992 1513 1083 1548 bona
1099 1540 1109 1553 ,
1135 1513 1166 1547 δι
1191 1512 1335 1547 redditus
1357 1513 1497 1552 univit.

68 1557 352 1606 declaravitque,
377 1567 415 1593 ut
445 1557 572 1593 Reeor
597 1569 713 1593 earum
740 1557 958 1599 censeretur,
982 1560 1015 1594 ἃ
1041 1557 1122 1594 esset
1154 1559 1325 1595 Parochus
1348 1558 1498 1601 ejusdem

62 1604 277 1642 Parochialis
302 1604 458 1640 Ecclesiae
484 1605 537 1640 SS.
554 1604 682 1641 Felicis
699 1631 709 1645 ,
737 1606 770 1640 &
797 1605 967 1646 Adaucti,
999 1607 1032 1642 δι
1051 1606 1254 1654 Praepositus
1275 1617 1495 1654 =nuncupare-

63 1660 143 1693 tur,
167 1662 271 1700 atque
295 1652 353 1689 alii
369 1653 435 1687 duo
447 1652 524 1700 Cap
554 1652 655 1688 ellani
672 1651 897 1694 coadjutores
918 1654 1149 1692 liaberentur3
1181 1664 1284 1689 onera
1310 1665 1395 1691 vero
1415 1666 1496 1691 om·

65 1699 124 1735 nia
137 1726 147 1740 ,
172 1713 245 1749 quae
262 1699 505 1747 cappellaniis
517 1665 600 1735 <sata
615 1699 752 1736 fuerant
766 1726 778 1740 ,
802 1699 839 1734 in
857 1700 1079 1747 Praepositum
1095 1701 1274 1736 transtulit
1289 1726 1299 1737 .

15 1744 92 1785 Post
105 1749 165 1784 hoc
177 1751 354 1784 decretum
365 1747 463 1783 nulla
491 1746 528 1782 in
555 1748 606 1783 his
621 1746 802 1783 Beneficiis
819 1748 937 1782 evenit
967 1748 1135 1786 mutatio;
1160 1749 1360 1785 dubitatum
1383 1751 1490 1795 equi-

63 1796 141 1830 dem
165 1795 253 1837 fuit‚
279 1807 362 1832 num
390 1805 586 1830 tenerentur
608 1794 834 1841 Praepositus,
855 1795 887 1829 &
908 1795 1118 1842 Cappellani
1142 1801 1282 1831 Sacrum
1309 1797 1487 1843 applicare

88 1852 125 1876 ro
137 1843 347 1884 redditibus,
368 1854 451 1890 quus
474 1854 514 1877 ex
529 1841 710 1877 Beneficiis
740 1841 806 1877 suis
820 1842 1059 1888 perciperent,
1084 1844 1116 1878 δι
1135 1844 1236 1878 varice
1250 1842 1390 1876 fuerunt
1410 1853 1490 1877 cum

104 1889 323 1936 heologoruin
337 1916 348 1930 ,
370 1900 442 1925 tum
458 1889 724 1925 canonistarum
749 1901 791 1924 eo
817 1898 968 1933 tempore
982 1889 1164 1925 sententiae
1197 1890 1229 1924 23<
1247 1888 1493 1926 Consultatio-

58 1947 140 1973 nes.
167 1937 353 1974 Praevaluit
371 1946 486 1973 tamen
500 1937 641 1982 antiqua
662 1936 874 1973 consuetudo
889 1936 989 1972 Sacra
1014 1935 1151 1982 quidem
1168 1935 1342 1976 faciendi,
1367 1934 1426 1971 sed
1450 1947 1491 1971 ea

60 1986 258 2032 applicandi
267 1984 364 2027 juxta
377 1993 528 2020 mentem
544 1995 666 2020 eorum
682 2010 692 2023 ,
718 1984 779 2030 qui
791 1984 1045 2030 eleemosynam
1057 1981 1225 2019 offerrent
1238 2011 1247 2019 .
1269 1983 1361 2018 Cum
1372 1993 1490 2017 autern

58 2040 158 2067 vetus
181 2032 252 2068 haec
267 2031 410 2079 quaestio
434 2032 559 2068 iterum
573 2040 694 2067 exorta
712 2031 842 2071 fuerit,
868 2030 1081 2066 Univerfitas
1105 2041 1220 2076 preces
1243 2029 1374 2066 obtulit
1392 2029 1490 2065 Prin·
1530 2042 1538 2045 ‘

57 2077 130 2124 cipi
141 2079 368 2116 Sacratiflimo
381 2107 392 2120 ,
415 2080 540 2128 quibus
553 2079 742 2126 postulabat
761 2087 800 2115 ut
815 2077 1032 2125 quaestionem
1059 2078 1148 2113 hanc
1161 2076 1319 2113 definiret
1335 2103 1345 2117 ,
1373 2078 1406 2112 &
1430 2077 1489 2112 vel

55 2124 225 2161 decretum
253 2126 409 2173 Episcopi
434 2127 614 2168 justiniani
638 2125 860 2163 confirmaret
883 2153 894 2166 ,
919 2126 977 2161 vel
1001 2125 1112 2171 legem
1137 2125 1238 2160 daret
1261 2135 1408 2160 novam:
1432 2123 1487 2158 Ed

60 2172 292 2218 Ainplissirnos
323 2174 429 2220 igitur
454 2175 569 2210 Patres
589 2175 705 2209 delata
728 2173 795 2210 fuit
817 2173 917 2215 hujus
942 2172 1183 2218 postulationis
1208 2171 1387 2221 cognitio,
1411 2182 1487 2217 quae

60 2229 151 2256 nunc
170 2221 290 2256 audito
305 2221 372 2263 iarn
388 2221 571 2256 Veronensi
586 2221 752 2267 Episcopo
764 2246 775 2260 ‚
802 2220 998 2267 responsum
1014 2221 1173 2267 expectat
1188 2247 1196 2255 .

8 2265 184 2306 Rationes
208 2267 379 2315 Praepositi
397 2269 430 2303 &
449 2269 747 2314 Cappellanorum
775 2292 786 2307 ,
810 2268 938 2313 quibus
967 2275 1094 2314 negant
1115 2267 1315 2302 mutandum
1335 2263 1401 2300 esse
1423 2266 1485 2300 de·-

55 2323 186 2353 eretum
198 2313 354 2361 Episcopi
371 2314 572 2357 Justiniani‚
603 2317 636 2350 ὃ(
654 2313 720 2351 sese
744 2314 909 2350 immunes
934 2313 1066 2349 faciunt
1089 2313 1135 2349 ab
1149 2325 1254 2350 onere
1272 2314 1479 2362 applicatio-

53 2364 109 2401 nis
121 2372 286 2408 poterunt
302 2362 557 2398 Eminentiffimi
574 2363 688 2398 Patres
701 2361 884 2408 agnoscere
897 2374 938 2397 ex
952 2372 1070 2397 eorum
1083 2360 1210 2398 libello
1224 2388 1234 2402 ‚
1260 2361 1292 2396 δι
1311 2361 1480 2408 praecipue

54 2420 100 2446 ex
123 2409 380 2456 diligentiffima
399 2408 548 2456 Epistola
573 2408 773 2446 Veronensis
797 2408 977 2456 Episcopi,
1003 2409 1060 2455 qui
1086 2420 1156 2444 rem
1175 2419 1313 2444 omnem
1335 2406 1479 2443 nitide,

54 2465 193 2496 narrat,
216 2456 431 2503 &reddituc
462 2458 587 2494 horum
611 2457 898 2504 Cappellanorum
915 2482 926 2495 ‚
950 2457 982 2492 &
1009 2456 1198 2502 praesertim
1225 2452 1407 2501 Praepositi
1427 2462 1481 2488 te-

55 2504 227 2540 nuifflmos
242 2503 306 2540 esse
323 2503 446 2539 refert:
472 2505 595 2541 Dubia
614 2517 699 2541 vero
730 2531 740 2544 ,
765 2505 810 2540 de
830 2501 953 2552 quibus
978 2504 1116 2551 agitur,
1141 2503 1240 2539 sunt.

7 2551 36 2589 1.
63 2554 121 2588 An
141 2551 180 2586 sit
200 2551 443 2588 observandum
460 2553 646 2589 Decretum
657 2551 812 2599 Episcopi
826 2551 1000 2593 Justiniani
1028 2551 1108 2586 anni
1126 2557 1223 2596 1643.
1249 2550 1282 2586 ὅτ
1312 2548 1477 2596 Praeposi·

100 2606 155 2634 tus
168 2625 180 2639 ‚
199 2600 232 2635 ἃ
247 2599 459 2646 Cappellani
473 2600 688 2643 coadjutores
709 2599 773 2635 sint
798 2598 964 2635 immunes
983 2600 1024 2633 ab
1036 2598 1272 2644 applicatione
1286 2596 1479 2637 Sacrorum,

103 2647 195 2681 itaut
217 2648 335 2693 poffint
357 2647 505 2695 recipere
529 2648 789 2694 eleemosynam
812 2647 853 2684 ab
871 2645 1139 2683 offeren0³busin
1161 2645 1239 2684 casu
1252 2646 1316 2682 διο.
1330 2649 1375 2683 όν
1389 2657 1482 2693 qua-

106 2702 205 2728 tenus
227 2698 390 2741 negative
407 2720 417 2731 .
1121 2696 1125 2700 ’

3 2737 54 2778 11.
80 2741 138 2777 An
160 2740 194 2774 8<
213 2743 383 2786 quomodo
403 2742 443 2779 sit
465 2742 707 2791 providendum
723 2742 789 2782 διε.

103 2792 289 2835 ΤΟΜΜΧῙΚ·
947 2788 978 2825 F
1373 2784 1430 2822 Ad
1450 2782 1480 2820 Ι·
