1901 2970
1504 113 1551 152 47

72 151 286 200 suspensionis
306 165 324 188 a
350 152 512 190 Divinis.
537 153 828 199 obtemperarunt
853 151 988 199 quidem
1014 151 1168 188 Decreto
1189 151 1270 188 huic
1294 151 1439 189 Parochi
1471 151 1547 188 Ur-

73 200 175 239 bani,
199 200 249 234 sed
262 202 424 236 continuo
450 202 662 246 appellarunt
678 202 711 236 in
734 200 940 235 devolutivo
965 201 1004 234 ad
1020 198 1248 245 Amplissimos
1276 199 1414 238 Patren
1448 198 1546 234 Con-

72 248 215 282 tendunt
236 248 328 282 enim
343 275 351 287 ,
376 258 412 283 ut
427 249 521 283 sicuti
544 261 585 284 ex
601 248 734 283 vetusta
751 247 998 283 consuetudine
1011 247 1163 281 obtinuit
1183 245 1328 282 Ecclesia
1351 247 1545 282 Cathedra-

70 295 111 330 lis
126 319 136 333 ,
158 301 259 340 atque
281 295 387 329 altera
403 297 433 330 S.
450 294 569 331 Mari.e
596 295 740 337 Maioris
758 321 767 334 ,
791 305 828 330 ut
845 306 912 329 non
940 292 1047 339 posset
1065 294 1108 328 ab
1130 291 1203 338 ipsis
1228 293 1317 340 erigi
1336 295 1372 329 in
1397 295 1546 340 propriis

69 339 224 377 Ecclefus
249 343 336 377 Fons
363 341 574 388 Baptismalis
592 369 602 382 ‚
626 344 658 378 δι
676 342 815 377 retineri
842 342 966 377 Oleum
992 342 1174 380 Sanstum,
1203 343 1251 375 ita
1273 343 1390 375 cadem
1406 341 1545 376 ratione

69 388 224 424 obtinere
239 388 299 437 ipsi
322 391 469 424 debeant
488 390 632 426 Decreti
657 389 799 437 Episcop
814 389 866 423 >lis
881 389 1159 427 revocationem,
1185 400 1226 423 ne
1242 389 1280 422 ad
1304 387 1441 434 imparia
1457 387 1546 427 iudi·

66 444 211 472 centur:
235 438 372 472 Addunt
387 449 429 472 eo
443 437 520 473 casu
536 465 545 478 ,
570 449 639 485 quo
661 436 865 473 consuetudo
889 438 959 472 hcc
975 435 1057 470 esset
1082 437 1270 482 abroganda
1285 461 1295 474 ,
1319 446 1455 470 omnem
1470 433 1543 479 pos-

69 484 182 519 tulare
196 483 283 524 Juris
310 485 477 519 rationem
490 510 500 524 ,
522 495 558 520 ut
570 497 637 520 non
663 495 723 530 pro
738 494 832 528 parte
846 511 854 523 ,
881 496 954 530 quae
971 482 1104 528 respicit
1119 483 1343 518 retentionem
1362 482 1443 517 Olei
1458 483 1546 516 San·

68 531 134 571 ai,
162 529 333 566 sedetiam
348 541 440 577 parte
456 544 498 568 ex
522 534 629 568 altera
647 560 656 573 ,
682 542 754 576 qua:
781 531 921 578 respicit
946 530 1148 567 erectionem
1174 530 1287 564 Fontis
1317 528 1514 574 Rapismalis
1531 554 1543 568 ‚

67 580 270 624 abrogetur;
293 590 368 614 curn
382 581 495 614 eadem
508 579 547 615 sit
569 581 655 615 ratio
672 578 873 612 necetiitatis
890 605 899 617 ,
921 589 993 622 que
1013 578 1045 611 in
1070 587 1211 622 utraque
1227 587 1260 610 re
1283 577 1397 612 locum
1415 576 1515 611 habet
1529 599 1542 612 .

67 625 101 661 Si
126 625 215 660 enim
229 625 466 661 consulendum
494 626 635 662 infirmis
649 624 692 660 est
710 651 719 664 ‚
747 637 788 659 ne
804 624 869 659 fine
890 625 984 660 sacra
1002 625 1169 660 UnCtione
1194 625 1361 660 decedant
1377 649 1386 662 ‚
1418 622 1542 659 consu-

70 673 203 709 lendum
217 673 321 707 etiam
338 673 382 707 est
396 674 591 710 infantibus
605 700 614 713 ,
641 684 681 708 ne
701 672 756 706 vel
774 670 840 705 {ine
861 672 1126 719 regenerationis
1150 673 1289 707 lavacro
1303 679 1441 716 pereant
1457 696 1466 710 ,
1481 670 1542 704 vel

65 719 231 766 baptizati
245 721 399 766 quidem,
421 720 472 755 sed
493 721 560 756 fine
573 720 674 757 sacris
689 718 912 754 Ceremoniis
930 720 1137 756 moriantur;
1161 720 1239 760 Jura
1260 718 1382 763 quinpe
1402 717 1516 752 omnia
1531 740 1543 755 ,

66 780 139 815 qua:
163 768 321 802 Parochis
345 767 628 804 ministrationem
649 767 745 803 sacrae
770 765 946 801 Unstionis
962 767 1142 812 injungunt
1158 793 1166 806 ,
1195 766 1238 801 ad
1269 764 1419 799 Infantes
1436 763 1542 800 etiam

68 815 286 860 baptizandos
314 815 421 850 teneri
438 815 601 851 Parochos
617 818 818 850 decernunt.
847 813 992 848 Auditus
1008 815 1074 856 jam
1096 812 1159 848 fuit
1173 813 1372 859 Episcopus:
1405 810 1461 846 Ab
1479 810 1540 845 Ec—

67 861 168 899 clesia
193 861 393 897 Cathedrali
409 889 419 902 ‚
445 863 475 897 ὅ(
500 863 607 898 altera
625 863 660 898 S.
677 860 796 896 Marix
811 860 955 904 Maioris
982 862 1129 896 nondum
1146 861 1305 896 libellum
1326 859 1505 894 habuimus
1523 870 1535 892 a

71 910 152 945 Duo
165 908 240 944 sunt
256 908 375 945 Causae
404 910 519 947 Dubia
533 939 541 947 .

19 954 50 991 I.
79 963 138 993 An
161 959 308 994 retentio
329 958 405 994 olei
431 962 544 995 Sam‘li
560 985 569 998 ,
595 959 756 1004 illiusque
786 956 992 998 Ministratio
1011 960 1044 993 in
1067 965 1138 991 tota
1168 958 1319 992 civitate
1342 954 1511 992 Vercellis
1526 979 1538 993 ‚

208 1003 342 1051 ejusque
368 1003 548 1042 Suburbiis
567 1007 697 1054 speblet
722 1005 906 1039 dumtaxat
934 1007 975 1038 ad
1003 1003 1354 1051 Archipreslqytcrum
1387 999 1538 1042 Ecclesia:

212 1053 426 1088 cathedralis
449 1055 563 1089 ,ςαηὲἶὶ
587 1051 724 1095 Eusebii
750 1076 760 1090 ‚
787 1056 832 1087 (γ’
860 1052 902 1085 ad
927 1055 1103 1087 Vicarium
1127 1059 1329 1099 perpetuum
1360 1055 1394 1084 S.
1420 1050 1539 1083 Mari-c

210 1098 355 1145 Majort's
379 1127 388 1140 ‚
406 1100 466 1142 seu
487 1104 615 1147 potius⁴
636 1106 818 1136 teneantur
843 1101 947 1134 etiam
974 1099 1039 1134 alii
1068 1100 1216 1134 ‘Parochi
1241 1096 1370 1132 'orbani
1392 1096 1481 1131 illud
1504 1099 1540 1132 in

202 1147 277 1190 fitis
307 1145 459 1188 Ecclefiis
491 1144 758 1184 Ptzrochialibus
782 1148 932 1182 retinere
948 1171 957 1184 ‚
979 1155 1084 1191 atque
1099 1150 1191 1181 intra
1208 1142 1403 1187 cujuslibet
1422 1148 1538 1178 ‘Paro-

209 1193 289 1229 chiae
313 1195 444 1229 limites
472 1195 669 1236 Ministrarc
685 1220 695 1234 ‚
716 1192 748 1227 &
771 1202 941 1239 quatenus
969 1193 1127 1238 negative
1153 1194 1191 1228 ad
1208 1191 1350 1239 primam
1378 1199 1508 1236 partem
1527 1214 1539 1229 ι

208 1241 239 1276 δι
256 1241 456 1277 affirmative
470 1242 513 1278 ad
538 1241 718 1278 secundam
732 1267 741 1276 .
1350 1244 1354 1247 '

19 1288 71 1333 ‚11.
96 1295 155 1324 An
183 1289 275 1324 locus
294 1288 339 1330 sit
361 1292 524 1325 erectioni
555 1292 671 1326 Fontis
697 1287 918 1332 Baptismalis
940 1291 975 1323 ia
990 1287 1134 1333 singulis
1159 1284 1313 1328 Ecclefiis
1339 1285 1534 1321 Parachia-

208 1334 300 1372 libus
321 1337 409 1383 dmg
437 1339 602 1373 civitatis
625 1336 814 1372 Vercellen.
838 1337 873 1370 in
899 1336 973 1380 cast
996 1340 1069 1372 &a

194 1443 384 1496 Dilata
418 1445 485 1495 ad
522 1446 759 1514 primam
791 1446 911 1512 post
945 1447 1129 1513 Aquas
1150 1481 1162 1494 .

14 1560 17 1564 ·
115 1550 394 1588 ANCIANENA
422 1550 888 1588 DISMEMRRATIONIS
908 1569 917 1588 ε
946 1553 1042 1587 Villa
1058 1549 1185 1588 Arielli
1216 1557 1389 1583 tercentos
1403 1547 1538 1595 vig²nti
1568 1549 1644 1594 Seff-
1660 1558 1709 1583 2¹·
1723 1558 1797 1590 04·

126 1608 191 1633 tres
206 1609 357 1634 numerat
373 1600 502 1636 incolas
518 1627 528 1641 ‚
551 1611 694 1647 quorum
720 1599 871 1641 impensis
901 1600 1087 1647 Templum
1104 1600 1123 1632 S
1165 1596 1303 1631 Muhei
1324 1608 1342 1631 a
1371 1595 1441 1630 solo
1465 1596 1536 1646 ele·
1566 1598 1604 1634 de
1619 1596 1690 1643 Res.

63 1655 182 1691 ganter
196 1648 403 1686 extruetum,
430 1647 589 1694 sacraque
615 1646 846 1689 supellectili,
870 1647 1032 1693 rebusque
1055 1646 1212 1680 omnibus
1238 1644 1276 1676 ad
1303 1643 1532 1678 Ecclssiastica

64 1693 279 1728 Sacramenta
303 1694 467 1730 servanda
481 1723 490 1736 ,
515 1696 570 1730 vel
597 1693 724 1736 Populo
740 1693 956 1731 ministranda
970 1722 980 1734 ‚
1004 1704 1186 1737 curamque
1201 1691 1387 1725 animarum
1404 1701 1533 1736 geren-

65 1741 142 1774 dam
159 1742 350 1776 instruCtuin
367 1741 429 1776 fuit
444 1765 454 1776 .
477 1743 557 1779 Uno
569 1741 664 1776 distat
680 1740 786 1784 lapide
810 1742 852 1776 ab
867 1742 1002 1788 Oppido
1022 1740 1143 1776 Arielti
1161 1765 1170 1778 ‚
1197 1750 1215 1772 a
1232 1750 1301 1784 quo
1330 1748 1450 1771 nomen
1471 1748 1533 1771 ac-

64 1789 177 1835 cepit,
203 1791 232 1825 &
247 1789 341 1831 cujus
356 1788 547 1826 Parochiali
564 1786 668 1825 subest
687 1786 838 1824 Ecclesiae
854 1815 864 1828 ,
887 1803 904 1823 a
916 1801 1006 1837 qua,
1029 1799 1106 1822 cum
1125 1786 1298 1820 censerent
1316 1783 1419 1818 Villae
1436 1783 1535 1817 Inco-

63 1837 103 1872 lae
126 1836 274 1882 pluribus
288 1849 327 1871 ex
345 1835 447 1872 causis
464 1837 626 1885 separari,
648 1835 816 1881 praecipue
832 1849 915 1872 vero
929 1864 937 1876 ,
958 1835 1034 1881 quia
1049 1830 1310 1880 frequentissime
1326 1830 1508 1866 accibebat
1521 1857 1532 1869 ,

64 1893 104 1920 ut
120 1884 230 1928 plures
245 1884 364 1930 absque
378 1886 666 1920 sacramentorum
681 1882 830 1928 praesidio
844 1895 986 1919 mortem
999 1882 1132 1916 obirent
1148 1910 1154 1918 ,
1181 1878 1385 1924 plurimique
1403 1877 1533 1927 sacrum

65 1932 182 1967 diebus
208 1931 314 1966 Festis
331 1932 446 1967 audire
467 1944 536 1968 non
559 1928 707 1977 possent,
731 1941 843 1974 preces
868 1931 1063 1966 obtulerunt
1092 1925 1358 1970 Archiepiscopo
1376 1950 1386 1964 ,
1409 1927 1532 1972 qulbus

64 1979 297 2027 postulabant,
320 1988 391 2013 uta
411 1981 518 2016 veteri
537 1977 728 2014 parochiali
742 1977 885 2012 Ecclesia
905 1976 1038 2017 oapidi
1068 1975 1195 2010 Arielli
1221 1973 1412 2025 separentur
1428 1999 1437 2011 ,
1466 1982 1532 2006 no-

63 2039 173 2074 vaque
186 2026 377 2072 erigeretur
394 2026 430 2061 in
456 2026 550 2062 Villa
567 2025 745 2061 Parochia.
775 2025 900 2060 Eorum
915 2026 1005 2060 votis
1024 2023 1192 2057 annuebat
1210 2019 1501 2065 Archtepiscopus
1519 2044 1530 2058 ‚

65 2075 119 2111 sed
146 2086 221 2109 cum
235 2073 300 2108 lese
324 2073 515 2119 praestiterit
535 2072 812 2109 contradictorem
829 2073 955 2119 Opp1di
985 2071 1273 2116 Archipresbyter
1290 2094 1300 2107 ‚
1322 2078 1358 2103 re
1374 2066 1416 2101 ad
1431 2067 1532 2117 ‘hunc

62 2121 310 2168 Ampliflimum
334 2121 498 2157 Ordinem
519 2121 631 2156 delata
646 2146 655 2158 ,
677 2120 807 2155 auditus
834 2119 925 2154 idern
951 2120 1013 2154 fuit
1033 2116 1316 2162 Archiepiscoous
1344 2140 1353 2153 ,
1381 2124 1439 2158 qui
1461 2112 1532 2147 res-

64 2170 183 2216 pondit
198 2180 266 2203 rem
285 2167 317 2201 se
339 2168 530 2214 expendisse
544 2195 554 2208 ‚
576 2166 752 2211 causasque
778 2165 997 2212 separationis
1024 2166 1066 2200 ab
1083 2165 1206 2200 [nco-is
1232 2163 1335 2197 Villae
1349 2171 1530 2211 enumera-

63 2226 113 2253 tas
129 2228 224 2252 veras
236 2214 321 2255 esse,
344 2216 462 2262 easque
482 2216 570 2250 bene
584 2214 713 2261 agnosci
731 2213 774 2249 ab
796 2213 864 2255 ipso
889 2212 1345 2262 Oppidi·Archipresbyter0
1368 2235 1374 2246 ‚
1402 2218 1457 2253 qui
1476 2216 1533 2241 ta-

64 2276 142 2300 men
158 2264 332 2299 contendit
348 2265 388 2299 iis
414 2263 550 2298 occurri
578 2260 665 2308 poffe
681 2288 690 2301 ‚
718 2260 740 2294 fi
753 2273 951 2297 oeconomus
964 2262 1149 2307 deputetur
1167 2286 1176 2298 ,
1201 2260 1257 2304 qui
1275 2254 1389 2302 praesto
1407 2255 1447 2290 stt
1473 2266 1532 2289 ne·

65 2311 270 2347 ceffitatibus
295 2312 487 2347 Incolarum
500 2309 605 2345 Villae
623 2323 632 2342 ε
659 2308 692 2344 se
705 2319 842 2353 tamen,
872 2309 984 2355 pergit
1003 2306 1287 2351 Archiepiscopus
1300 2330 1310 2343 ,
1335 2305 1422 2337 hanc
1435 2313 1528 2336 oeeo-

65 2360 157 2395 nomi
178 2358 440 2404 deputationem
461 2368 528 2392 non
551 2357 689 2403 probare
704 2383 713 2397 ‚
735 2367 811 2390 cum
834 2356 896 2391 hac
921 2355 1049 2391 ratione
1074 2365 1141 2388 non
1164 2353 1245 2388 satis
1269 2350 1463 2386 consultum
1486 2347 1527 2383 {it

68 2405 195 2441 Incolis
209 2406 314 2441 Villae
330 2432 340 2445 ,
364 2405 506 2451 satisque
528 2406 726 2445 commode,
750 2406 909 2449 nouoque
931 2402 1000 2438 sive
1012 2399 1353 2450 Archioresbyteri3
1380 2396 1449 2431 five
1466 2396 1530 2447 [jic-

64 2454 171 2487 clefi.e
185 2453 392 2489 Parochialis
403 2452 605 2488 detrimento
627 2449 698 2487 fieri
713 2451 807 2495 poffit
819 2450 983 2493 separatio
996 2476 1006 2489 ,
1034 2451 1064 2484 ἂ
1079 2459 1173 2483 novae
1187 2445 1364 2481 Parochlae
1380 2444 1506 2495 crestio
1518 2472 1527 2480 .

68 2500 217 2536 Modum
231 2502 343 2546 legent
369 2499 628 2535 Eminentiflimi
650 2499 766 2535 Patres
779 2499 812 2533 in
836 2496 980 2539 ejusdem
1003 2495 1153 2542 Epistola
1168 2521 1177 2534 ,
1201 2505 1219 2528 e
1238 2503 1305 2544 que
1332 2492 1403 2526 haec
1432 2501 1531 2541 erut-

65 2559 138 2583 mus
154 2574 164 2587 ‚
190 2560 267 2582 nam
281 2547 572 2594 Archipresbyter
585 2547 730 2583 nondum
743 2546 872 2588 Jurium
891 2546 1028 2581 suorum
1050 2542 1209 2577 libellum
1221 2540 1316 2576 dedtt
1330 2552 1338 2572 ι
1368 2537 1530 2572 Dubium

67 2607 171 2630 unum
192 2595 394 2643 proponitur
409 2622 418 2633 .
1523 2633 1531 2640 .

13 2649 83 2684 ..An
102 2644 148 2687 fit
172 2645 265 2681 locus
293 2644 594 2685 Dismemhrationi
629 2642 850 2679 ‘parochialis
874 2639 1015 2686 Ecclefig
1042 2645 1075 2675 S.
1103 2636 1286 2674 Michaelis
1315 2631 1528 2678 Archangeli

71 2693 173 2739 Terrg
201 2691 338 2727 Arielli
365 2693 398 2726 in
422 2692 498 2736 casu
523 2695 599 2728 (φτ.
1467 2712 1471 2716 ·

157 2797 347 2850 Dilata
364 2798 431 2850 ad
449 2799 685 2866 primam
703 2796 823 2867 post
844 2795 1025 2863 Aquas
1049 2833 1060 2847 .
1327 2785 1467 2837 PIS-
