1874 2961
77 178 182 216 copus
195 192 205 207 ‚
225 166 284 214 qui
303 165 484 201 secundum
497 161 712 212 praepositum
732 161 930 208 respondit;
958 160 1099 209 ideoque
1115 172 1201 196 nunc
1217 163 1285 197 duo
1305 176 1322 198 a
1337 126 1474 208 capitiii

75 219 110 253 lo
121 214 318 252 definienda
332 221 572 258 proponuntur
596 214 698 247 Sacro
715 210 853 245 Senatui
881 208 992 254 capita
1007 234 1018 247 ,
1038 220 1110 254 qux:
1142 210 1407 244 COnU'OVCK'slaln
1429 223 1474 245 0-

70 275 181 298 mnem
196 262 465 308 complectuntur
479 287 486 295 .

30 310 140 348 Primo
153 309 263 354 capite
285 308 429 354 disputat
450 307 636 353 capitulum
660 306 789 340 nullam
804 332 813 345 ,
834 314 932 352 atque
951 304 1134 338 invalidam
1157 302 1220 337 esse
1235 305 1403 338 bonorum
1421 305 1475 337 ad-

73 357 317 405 fignationem,
344 354 434 400 quod
455 354 690 390 l'arocliionus
715 352 752 387 sit
773 364 887 387 curam
903 363 1092 386 animarum
1110 362 1168 395 per
1193 350 1222 384 se
1239 353 1346 396 ipsum
1374 361 1475 385 excr-

72 405 172 442 ccndi
188 428 196 442 ‚
210 413 310 448 atque
325 413 365 436 eo
378 410 513 435 tantum
537 400 611 435 casu
625 401 708 435 alios
724 400 780 435 libi
797 400 980 446 adiungere
998 397 1087 444 posse
1106 399 1302 432 Sacerdotes
1314 397 1381 431 sive
1396 408 1476 432 coa-

72 452 220 489 diutores
238 476 247 489 ‚
274 460 342 494 quo
356 449 534 483 necessitas
559 447 701 494 postulet
718 474 728 487 ‚
754 459 864 494 eoque
875 448 951 482 casu
965 445 1167 490 stipendium
1191 445 1229 479 iis
1244 445 1330 480 solvi
1351 444 1476 478 debere

73 496 293 536 credditibus
309 495 484 544 parochia:
501 520 512 534 ‚
536 494 623 540 quod
653 494 809 538 adjuncto
836 496 870 529 in
886 493 1029 528 Parochi
1056 493 1228 527 dumtaxat
1256 491 1475 526 commodum

71 553 252 584 vertatur3
275 554 351 578 cum
380 543 492 588 itaque
521 540 716 587 praeposnus
739 542 861 577 habeat
884 553 999 576 curam
1023 539 1208 574 animarum
1233 539 1399 585 postulare
1424 549 1477 573 ra-

71 594 202 630 tionem
225 591 330 633 juris,
357 599 393 625 ut
406 589 680 632 coadjutoribus,
706 601 792 635 quos
820 588 878 624 fib1
900 588 969 622 dari
994 587 1088 634 cupit
1105 613 1114 627 ‚
1142 586 1345 634 stipendium
1370 584 1475 632 ipse.»

73 640 185 676 solvat
207 637 391 672 redditibus
417 636 484 671 suis
509 663 519 676 ‚
545 636 727 681 praesertim
753 648 829 671 cum
858 635 1011 670 redditus
1049 635 1213 680 parochiae
1253 633 1331 679 satis
1365 630 1473 678 ampli.

72 687 134 722 sint
149 713 159 726 ‚
183 696 287 730 eoque
314 683 417 718 etiam
440 683 610 730 stipendio
630 683 813 723 subducto,
842 681 978 728 supersit
1005 693 1155 727 congrua
1169 681 1279 728 portio
1293 690 1474 715 aureorum

72 742 231 770 centum3
256 732 370 775 Atque
386 731 473 765 hanc
486 731 552 766 ess'e
569 731 723 770 causam,
750 731 791 765 ob
814 741 913 777 quam
939 727 1110 777 praepositi
1141 729 1201 763 alii
1227 725 1473 774 praedecessores

73 779 205 828 propria
226 778 368 824 pecunia
391 777 613 814 Sacerdotum
629 777 862 820 coadjutorum
886 787 1022 822 operam
1049 777 1311 814 conduxerunt,
1331 774 1353 807 si
1366 784 1473 820 quan-

69 830 113 863 do
124 825 259 862 ratione
279 825 414 866 morbi,
437 827 469 861 &
481 828 576 862 malae
590 824 796 860 valetudinis
811 825 851 860 iis
869 823 1067 870 indigebant
1080 850 1089 863 ‚
1113 835 1189 858 cum
1210 822 1300 856 enim
1316 822 1403 855 bene
1415 831 1472 854 va-

71 876 181 910 lerent
200 872 444 915 ,mercenariis
457 873 511 908 his
527 875 578 909 uti
593 884 775 918 numquam
799 872 906 908 visum
931 870 999 911 est,
1025 871 1113 916 quod
1136 870 1232 904 nulla
1256 876 1393 914 urgeret
1406 878 1473 901 ve-

69 921 206 958 hemens
223 918 346 958 causa;
372 919 449 955 sunt
473 921 565 956 enim
579 920 696 954 Patres
707 918 926 966 Cappuccini
946 945 955 957 ‚
980 918 1052 952 sunt
1071 917 1270 953 Sacerdotes
1284 913 1473 960 Cappella-

70 969 106 1004 ni
127 967 283 1005 Sodalitii
298 965 333 1001 B.
348 968 400 1003 M.
412 967 591 1004 Succursus
605 994 614 1008 ‚
629 966 704 1001 sunt
718 967 748 1001 δι
764 965 954 1014 cappellani
971 965 1046 1004 duo,
1062 976 1147 1010 quos
1161 972 1286 999 vocant
1308 961 1473 1000 Ducales‚

71 1016 128 1062 qui
144 1014 178 1050 in
191 1015 390 1061 Collegiata
402 1014 549 1050 Ecclesia
564 1014 614 1049 D.
630 1013 775 1048 Andreae
792 1012 1058 1048 confessionibus
1075 1011 1288 1057 excipiendis
1314 1008 1471 1054 frequen-

74 1071 125 1098 tes
139 1062 256 1109 adsunt
272 1076 280 1097 :
308 1061 443 1098 Frustra
466 1062 579 1107 itaque
597 1060 670 1106 cogi
692 1060 880 1109 capitulum
896 1060 934 1094 ad
949 1060 1112 1094 bonorum
1135 1057 1399 1104 adsignationem
1412 1079 1422 1093 ‚
1435 1063 1474 1089 ut

70 1118 110 1145 ut
124 1112 336 1155 coadjutores
350 1110 474 1145 habeat
500 1107 694 1156 praepositus
710 1133 720 1146 ‚
743 1108 800 1154 qu'i
815 1108 864 1142 eis
880 1117 990 1142 carere
1005 1106 1110 1152 potest
1124 1133 1133 1145 ,
1160 1106 1190 1140 &
1207 1105 1229 1138 si
1244 1103 1330 1139 nolit
1344 1113 1472 1141 carere,

71 1157 130 1192 fua
142 1161 309 1204 pecunia,
336 1169 406 1192 non
426 1156 538 1192 aliena
556 1155 684 1190 solvere
710 1156 830 1193 debet;
859 1154 948 1188 Bona
973 1165 1031 1199 qui
1059 1165 1098 1198 pe
1121 1151 1276 1198 Capituli
1300 1148 1473 1187 alienari,

71 1205 104 1240 δι
128 1204 164 1240 in
178 1205 420 1247 coadjutoriam
435 1201 608 1239 transferri
623 1202 715 1236 nefas
731 1201 796 1237 effe
810 1230 819 1241 2
842 1201 935 1235 nulla
949 1200 1099 1242 eiusdem
1111 1199 1265 1234 utilitate
1279 1223 1289 1238 ,
1306 1206 1344 1232 ut
1357 1195 1473 1231 omni-

71 1253 134 1288 bus
149 1261 361 1299 compertum
383 1250 455 1289 est}
480 1251 622 1297 ideoque
637 1249 871 1284 voluntariam
898 1247 992 1282 illam
1015 1249 1177 1281 bonorum
1199 1245 1406 1281 oblationem
1429 1243 1472 1277 ab

72 1299 259 1346 illegitimo
272 1297 422 1344 collegio
445 1296 566 1332 saetam
580 1322 590 1336 ‚
616 1296 647 1331 ἃ
674 1295 708 1330 in
734 1307 801 1342 quo
813 1294 980 1331 Canonici
1002 1294 1229 1328 conditionem
1251 1293 1446 1334 adjecerunt
1460 1315 1472 1328 ‚
1515 1330 1517 1332 q

69 1346 142 1380 fiin
156 1346 320 1382 facultate
341 1355 458 1381 eorum
479 1343 560 1379 effet
580 1370 590 1383 ,
613 1354 712 1387 quam
726 1342 876 1389 profecto
899 1353 968 1376 non
996 1340 1192 1379 habebant,
1216 1341 1305 1374 bona
1327 1335 1471 1382 capituli

68 1391 274 1428 distrahendi
290 1421 300 1435 ‚
322 1391 372 1426 uti
387 1390 518 1425 nullam
533 1391 566 1424 8<
582 1389 736 1430 injustam
755 1401 821 1424 non
834 1388 896 1423 esse
909 1386 1116 1434 probandam
1128 1414 1136 1422 .

19 1438 73 1474 At
87 1437 109 1472 si
124 1439 313 1485 adsignatio
329 1436 390 1471 illa
410 1434 620 1482 amplissimis
637 1435 799 1470 Patribus
824 1437 904 1478 justa
919 1461 928 1474 ‚
953 1435 1176 1480 legitimaque
1199 1431 1356 1468 videatur
1370 1458 1380 1471 ‚
1404 1443 1470 1477 po-

44 1521 50 1526 ,
69 1484 169 1521 stulat
180 1485 369 1532 capitulum
384 1483 491 1519 altero
503 1483 616 1528 capite
630 1510 640 1522 ‚
665 1491 702 1517 ut
727 1482 757 1516 ei
773 1482 938 1517 tribuatur
958 1481 1100 1516 facultas
1112 1480 1260 1525 eligendi
1274 1504 1285 1518 ,
1307 1480 1338 1514 δι
1353 1489 1471 1513 reino-

68 1531 177 1567 vendi
193 1544 296 1568 unum
309 1543 351 1567 ex
361 1529 648 1573 coadjutoribus3
669 1541 798 1576 requum
823 1530 913 1564 enim
927 1528 990 1564 ess‘e
1004 1555 1013 1567 ‚
1040 1537 1076 1562 ut
1086 1527 1179 1569 cuius
1202 1523 1343 1572 pecunia
1368 1525 1470 1571 erigi-

66 1588 126 1614 tur
139 1578 342 1615 beneficium
356 1577 425 1612 five
442 1577 652 1619 coadjutoria
668 1602 676 1616 ‚
697 1577 767 1618 ejus
779 1576 816 1611 sit
829 1577 1054 1622 praerogativa
1069 1601 1079 1614 ,
1108 1575 1139 1609 &
1171 1575 1221 1617 jus
1245 1572 1443 1608 nominandi
1459 1597 1470 1611 ,

69 1637 110 1662 ac
134 1625 328 1662 removendi
339 1655 346 1659 .,
379 1625 528 1659 Videant
559 1625 664 1670 igitur
694 1623 957 1659 Fminentissimi
987 1630 1106 1657 Patres
1126 1620 1273 1666 expensis
1297 1620 1369 1658 his,
1395 1629 1470 1664 quae

67 1672 268 1719 collegimus
282 1686 301 1708 e
315 1672 435 1708 libello
451 1670 581 1712 larium
593 1670 734 1716 capituli
751 1698 760 1710 ‚
784 1681 861 1705 nam
885 1683 904 1704 a
924 1668 1099 1716 praepofito
1120 1668 1208 1703 nihil
1230 1668 1387 1702 haetenus
1410 1665 1470 1700 ha·—

25 1757 30 1761 ,
67 1719 223 1762 buimus,
247 1733 314 1768 qua
328 1719 408 1762 iuris
422 1720 554 1754 ratione
570 1718 764 1752 delinienda
791 1716 852 1752 sint
877 1718 946 1752 duo
958 1717 1092 1762 capita.

19 1772 49 1807 Ι,
76 1770 135 1802 An
155 1767 338 1815 adsignatio
361 1767 527 1802 bonorum
549 1765 802 1812 capitularium
826 1764 1045 1800 substineatur
1074 1763 1111 1798 in
1138 1763 1210 1799 vim
1233 1760 1470 1799 conventionis

162 1815 197 1849 in
210 1814 286 1851 casu
300 1816 363 1851 ὄις.
379 1818 422 1851 ό»
437 1823 604 1861 quatenus
627 1813 832 1857 affirmative
849 1840 856 1847 .

19 1865 65 1897 ΙΙ.
90 1862 146 1898 An
167 1861 335 1907 Capitulo
354 1859 509 1896 Ecclefiae
529 1859 733 1905 Collegiatae
747 1859 778 1892 S.
797 1861 941 1895 Andreae
962 1868 1055 1894 terrae
1077 1857 1213 1892 ‘Paliani
1232 1863 1401 1899 competat
1417 1854 1470 1897 ius

160 1907 348 1955 deputandi
362 1934 373 1948 ,
397 1909 428 1943 &
442 1909 635 1945 removendi
652 1918 755 1941 unum
771 1918 812 1941 ex
827 1907 1078 1949 coadjutotlbus
1101 1905 1134 1940 in
1147 1904 1224 1940 casu
1238 1905 1302 1941 διε.

95 2044 375 2090 UTEOLANA
398 2047 688 2085 ERECTIONIS
724 2043 1208 2082 THESAVRARIATVS.
1237 2043 1292 2078 Ad
1323 2040 1469 2077 redinte-
1516 2052 1718 2093 seſs-zqaeaz.

108 2096 266 2139 grandam
286 2097 489 2132 eredionem
514 2094 809 2132 Thesaurariatus,
832 2094 863 2128 &
888 2092 1212 2138 Archiaccolytatus
1237 2088 1389 2136 legitime
1413 2087 1470 2124 fa·
1512 2094 1621 2132 deRejfi

66 2144 153 2177 &am
167 2153 256 2179 anno
275 2152 371 2190 1477.
397 2154 415 2177 a
429 2147 533 2178 ‘Pirro
554 2142 663 2179 Azzia
687 2154 725 2176 ea
748 2142 943 2186 tempestate
968 2138 1131 2184 Episcopo
1164 2138 1354 2172 Puteolano
1371 2162 1381 2175 ,
1406 2147 1472 2183 qua

66 2188 251 2235 dignitates
265 2217 275 2231 ,
297 2191 480 2236 ignoratur
494 2217 504 2230 ‚
522 2202 589 2236 qua
602 2194 737 2225 ratione
763 2188 908 2222 aboletae
932 2186 1062 2222 suerint
1074 2212 1085 2227 ‚
1112 2186 1283 2221 Antonius
1302 2184 1472 2218 Horatius

66 2235 222 2273 Frautus
236 2262 247 2277 ‚
274 2238 303 2272 δι
321 2237 545 2272 Bernardinus
559 2235 772 2272 Constantius
790 2238 901 2269 dotem
911 2233 1116 2268 obtulerunt
1129 2234 1327 2267 ducatorum
1340 2241 1388 2265 12.
1404 2241 1473 2264 mo-

66 2292 159 2334 rie-tic
175 2282 292 2330 Regni
315 2284 485 2332 Neapolis
514 2295 581 2332 pro
599 2283 749 2330 qualibet
774 2292 890 2316 earum
904 2308 914 2322 ,
941 2280 1112 2315 reservato
1138 2279 1197 2314 fibi
1219 2278 1296 2325 ipsis
1319 2278 1396 2318 Jure
1414 2288 1473 2311 no-

68 2330 227 2365 minandi
251 2331 361 2376 prima
382 2333 458 2367 vice
473 2341 606 2367 tantum
619 2357 629 2372 ,
643 2329 835 2375 adiectoque
857 2339 962 2362 onere
981 2326 1102 2363 futuris
1123 2328 1314 2362 earumdem
1325 2324 1473 2369 dignita-

70 2383 145 2412 tum
158 2376 393 2423 possessoribus
414 2378 589 2425 praestandi
613 2388 684 2413 tum
702 2376 969 2414 nominatoribus
982 2401 992 2415 ‚
1017 2385 1089 2410 tum
1114 2374 1309 2409 eorumdem
1330 2368 1472 2405 haeredi-

70 2422 132 2458 bus
146 2423 258 2459 facem
268 2436 404 2461 ceream
415 2425 562 2461 dimidiae
581 2427 675 2461 librae
689 2449 698 2458 .
723 2424 777 2460 Re
795 2425 834 2458 ad
848 2423 1043 2469 Episcopum
1067 2422 1177 2456 delata
1192 2445 1202 2459 ‚
1225 2418 1334 2454 visum
1355 2417 1402 2451 est
1413 2428 1472 2451 ea-

69 2470 173 2515 pituli
196 2471 392 2508 consensum
407 2475 586 2520 exquirere
605 2500 615 2513 ,
640 2484 708 2519 quo
720 2484 760 2507 ne
786 2479 845 2506 ato
868 2469 1032 2514 optimum
1049 2468 1112 2504 esse
1134 2474 1293 2513 putarunt
1306 2465 1371 2499 duo
1394 2462 1470 2498 fun-

68 2517 200 2568 datores
225 2519 491 2556 sacratissimum
506 2520 699 2565 Principem
711 2530 754 2553 no
783 2528 858 2553 rum
881 2515 999 2550 libello
1013 2515 1104 2550 adire
1119 2540 1129 2553 ,
1143 2527 1161 2548 a
1177 2525 1248 2561 quo
1263 2522 1396 2559 negocii
1411 2521 1470 2546 co-

68 2571 181 2609 gnitio
201 2567 278 2601 data
294 2566 358 2603 fuit
371 2566 586 2614 amplissimis
599 2565 760 2601 ‘Partibus
773 2591 780 2600 .
807 2563 939 2599 Audito
961 2574 1051 2597 nunc
1062 2563 1174 2607 itaque
1188 2559 1348 2605 Episcopo
1361 2558 1471 2603 postu-

68 2610 118 2645 lat
134 2613 319 2658 capitulum
332 2614 431 2651 causa
451 2624 571 2650 contra
585 2613 745 2648 Frautum
764 2609 897 2645 definiri
911 2635 921 2649 ,
945 2609 1149 2645 Constantio
1162 2608 1252 2642 enim
1264 2607 1472 2641 sententiam

66 2657 163 2692 suam
185 2668 317 2698 mutare
341 2662 468 2710 placuit
482 2688 494 2703 ,
515 2662 548 2698 ἃ
564 2663 708 2697 Frautus
729 2667 847 2696 contra
869 2659 984 2693 dotem
1011 2655 1284 2693 Thesaurariatus
1308 2662 1403 2691 auxit
1428 2650 1470 2685 ad

115 2707 298 2744 TomuYIV.
953 2702 991 2737 K
1151 2741 1157 2743 Α
1368 2701 1469 2736 duca—
