1901 2970
1530 73 1566 99 21

41 111 235 159 ..'figliu0li
257 110 393 147 mast-oli
409 137 417 150 ,
445 110 538 155 quali
562 105 838 144 vorrzinnoessei·
862 107 978 148 Preti,
1003 109 1102 144 eche
1118 117 1186 145 non
1201 109 1232 144 sc
1249 109 1272 145 li
1301 109 1400 145 diano
1425 111 1457 145 d.
1486 109 1570 145 Du-

45 186 69 203 ,,
96 161 164 194 cati
182 171 261 205 300.
276 185 285 198 ,
312 167 366 193 ιω
391 157 488 193 fruiti
506 157 542 192 di
563 156 669 202 quelli
690 168 786 191 come
813 155 912 202 sopra
926 182 935 196 .
964 156 996 201 se
1011 168 1076 191 non
1099 156 1242 192 saratino
1267 158 1413 193 ordinati
1431 158 1462 194 al
1479 159 1568 192 Sud⁴

40 233 64 249 ,‚
88 208 267 242 diaconato
282 232 291 246 ,
317 218 334 240 c
351 207 420 253 post
434 213 577 240 inortcm
592 205 714 240 rustino
731 216 749 238 a
768 203 936 239 beneficio
959 203 1013 238 del
1029 204 1076 240 R.
1089 204 1254 250 Capitolo
1272 207 1320 240 tol
1336 203 1414 250 peso
1430 231 1440 244 ‚
1464 217 1482 239 e
1494 215 1568 239 mo—

39 277 62 293 ..
87 257 130 290 do
155 261 190 287 ut
215 253 307 298 supra
323 278 333 287 .

41 300 128 338 Cum
155 300 267 345 itaque
283 311 333 336 tot
357 301 459 337 effent
484 299 613 336 Puella:
627 299 754 334 adxhoc
776 299 889 339 dotale
912 297 1086 335 subsidium
1105 309 1233 334 vocata:
1253 325 1262 338 ‚
1290 299 1391 335 facile
1418 297 1484 335 fuit
1504 299 1562 345 pio

85 347 278 391 disponenti
295 348 497 393 cognoscere
512 348 676 394 plurcsex
699 345 770 381 illis
788 359 851 381 una
873 346 1093 392 eodemquem
1119 358 1274 393 tempore
1295 345 1382 381 illud
1414 357 1562 390 petere.,

83 394 172 442 posse
197 422 207 436 ‚
233 397 264 431 &
284 396 348 431 hoc
370 395 445 430 casu
465 395 512 430 ita
531 395 658 435 cavit„
682 393 758 428 Clic
780 393 954 429 essendovi
980 396 1036 439 piu
1058 391 1211 440 figliuole
1233 393 1443 428 descendenti
1472 393 1558 428 dalli

31 468 62 483 ‚,
88 442 229 488 predctti
256 453 390 488 quatrio
407 443 570 479 nominati
587 441 678 480 eredi
701 453 762 488 per
780 441 869 475 linea
886 441 1004 476 diretta
1020 452 1117 480 come
1142 440 1176 475 di
1195 440 1287 487 sopra
1312 450 1382 478 atie
1400 440 1431 474 di
1461 449 1557 486 poter

38 516 63 530 ,‚
90 490 219 525 ricever
236 490 267 524 le
284 491 357 527 doti
374 491 407 525 in
422 502 464 524 un
484 489 592 526 istesso
609 501 722 535 tempo
738 515 748 527 ‚
773 490 877 524 vuole
890 486 953 522 esso
970 490 1002 523 d.
1014 487 1095 523 Gio:
1123 488 1155 523 &
1178 485 1432 533 espressamente
1458 497 1556 521 coin-

36 562 62 577 „
86 537 206 573 manda
223 563 233 576 ,
260 538 322 573 che
342 537 386 573 sia
407 537 570 585 preferita
584 565 593 578 ‚
619 550 635 572 e
653 538 674 572 si
699 536 857 582 consegni
873 538 903 570 la
931 536 1025 571 Dote
1037 536 1105 571 alla
1127 536 1300 581 maggiore
1317 534 1349 568 di
1366 534 1420 569 eta
1435 561 1457 573 ,‚
1485 541 1557 570 De-

33 609 61 625 ‚‚
85 596 240 632 mumque
255 598 309 622 eos
324 588 517 622 nominavit
532 611 541 624 ‚
566 590 626 632 qui
639 586 824 627 beneficam
840 584 1050 619 voluntatem
1069 593 1320 629 exequerentur
1337 605 1358 622 ‚‚
1385 582 1470 629 Eper
1481 579 1555 615 Ese-

36 655 61 672 „
85 632 197 667 cutori
214 631 250 668 di
267 635 298 667 d.
319 632 380 668 Pio
404 632 533 679 Legato
548 658 556 671 ,
583 645 601 667 e
628 630 849 678 dispofizione
866 629 931 665 esso
951 631 1024 677 Sig.
1046 630 1091 665 D.
1107 628 1188 665 Gio:
1202 629 1320 675 elegge
1336 655 1346 668 ,
1369 641 1386 666 e
1414 627 1553 665 nomina

34 704 59 719 2,
85 678 234 727 Monfig.
260 678 480 716 illustriffimo
499 678 653 715 Vescovo
667 679 698 712 di
725 675 954 714 Castellaneta
969 704 978 718 ‚
1004 677 1028 713 il
1042 677 1132 712 Rev.
1148 675 1410 715 Archidiacono
1424 698 1432 711 ‚
1461 675 1493 709 lo
1509 674 1554 711 R.

32 749 57 766 „
85 726 235 762 Caniorc
248 753 258 768 ‚
283 740 302 762 e
320 729 352 763 lo
366 727 410 766 R.
439 725 620 762 Tesoriere
635 726 667 760 di
684 725 914 761 Castellaneta
932 734 1030 760 tanto
1050 725 1072 759 li
1085 723 1230 769 presenti
1244 722 1375 760 viventi
1391 750 1400 762 ‚
1424 730 1554 768 quanto

27 799 59 815 „
86 773 218 821 quelli,
245 775 307 811 che
330 787 390 821 pro
416 783 565 820 tempore
592 779 731 810 saratino
758 771 947 808 constituiti
967 773 1033 807 &c.
1056 797 1076 811 ‚‚
1102 783 1245 816 quorum
1270 770 1494 815 integritati,
1521 769 1554 803 &

81 821 225 856 arbitrio
249 821 498 858 controversias
523 832 658 862 omnes,
681 833 754 867 quae
785 820 824 854 de
850 819 912 855 hac
935 817 1150 866 dispositione
1174 818 1258 854 oriri
1285 817 1441 866 possent,
1465 813 1551 851 defi-

79 869 220 904 niendas
249 870 438 906 commisit.

34 913 179 963 Impleta
203 915 269 952 suit
284 917 329 960 pii
353 917 576 964 Disponeiitis
599 919 759 955 voluntas
783 917 826 952 ad
851 928 976 954 annum
996 919 1099 965 usque
1121 927 1218 963 1745.
1236 943 1246 956 ,
1270 927 1338 962 quo
1360 926 1446 951 anno
1473 925 1551 950 cum

76 973 230 1008 quatuor
255 963 387 1005 essent,
415 966 471 1012 qui
500 965 678 1002 subsidium
703 965 833 1000 Dotafe
847 968 1026 1012 petebant,
1050 964 1238 999 Catharina
1256 963 1286 997 la
1311 963 1450 1002 Erana,
1475 962 1549 995 Ca—

77 1010 217 1047 tharina
243 1012 432 1048 Pizziferro
449 1040 458 1053 ‚
483 1013 681 1049 Franciscus
714 1011 854 1053 Chiesi,
876 1014 906 1048 &
922 1012 1077 1047 Sacerdos
1093 1011 1217 1057 joseph
1247 1009 1436 1045 PiZZiserro
1465 1036 1475 1049 ‚
1504 1006 1547 1043 ad

79 1056 291 1096 Executores
307 1059 390 1096 itum
412 1060 480 1099 est,
505 1062 566 1106 qui
589 1060 773 1096 convenire
794 1070 864 1094 non
880 1068 1080 1105 potuerunt.
1108 1059 1229 1104 Spreto
1245 1057 1380 1092 tandem
1397 1055 1549 1102 Episcopi

77 1106 180 1153 primi
207 1107 396 1144 executoris
427 1107 622 1144 interventu
639 1109 669 1142 &
700 1106 889 1146 consensu,
917 1106 1110 1141 sententiam
1128 1105 1283 1140 tulerunt
1309 1113 1378 1140 tres
1396 1104 1550 1150 reliqui,

78 1154 353 1199 Archidiaconus
379 1167 522 1202 nempe,
547 1154 792 1190 Thesaurarius
816 1180 826 1194 ‚
852 1155 881 1188 &
903 1154 1035 1188 Cantor
1059 1167 1065 1186 :
1094 1153 1177 1188 Duo
1205 1151 1303 1187 Primi
1330 1152 1546 1186 secundum-2

76 1200 294 1238 Franciscum
310 1202 426 1238 Chiefi
443 1229 451 1242 ,
483 1203 623 1238 Tertius
638 1200 819 1237 secundum
842 1202 1065 1235 Catharinam
1080 1198 1268 1235 Pizziferro
1283 1225 1291 1232 .
1319 1200 1374 1234 Ab
1389 1199 1453 1234 hac
1468 1198 1540 1233 sen-

77 1248 187 1284 tentia
211 1249 371 1297 confugit
390 1249 434 1284 ad
459 1250 522 1286 hoc
538 1249 676 1285 Sacrum
701 1247 871 1282 Tribunal
897 1248 1086 1282 Catharina
1110 1248 1141 1282 la
1166 1248 1279 1282 Fratta
1302 1272 1313 1285 ‚
1339 1247 1371 1280 &
1399 1246 1547 1291 disputat

75 1306 196 1332 contra
216 1296 441 1332 Catharinam
466 1297 678 1335 Pizziferro,
701 1296 732 1332 &
755 1294 953 1340 Capitulum
973 1294 1208 1329 Castellanetae
1230 1302 1388 1327 vocatum
1409 1294 1447 1327 ad
1475 1292 1547 1327 sub-

74 1342 191 1378 fidium
222 1344 441 1380 Ducatorurn
466 1356 539 1385 300.
563 1343 635 1389 post
648 1344 779 1379 obitum
807 1342 996 1381 Francisci,
1025 1340 1164 1380 Chiefi,
1191 1340 1247 1385 qui
1274 1339 1419 1385 contigit
1436 1339 1547 1374 mense

75 1389 289 1427 Novembris
303 1395 402 1436 1746.
418 1418 428 1431 ,
454 1404 525 1427 nori
550 1391 677 1427 habere
689 1402 745 1425 eos
759 1390 943 1435 qualitates
958 1401 976 1423 a
995 1388 1169 1423 fundatore
1185 1385 1363 1432 praefinitas
1378 1412 1388 1426 ‚
1417 1384 1547 1432 {ibique

73 1447 206 1473 tantum
222 1439 342 1475 dotale
355 1438 533 1474 subsidium
550 1439 702 1474 debitum
724 1436 820 1474 fuiffe
836 1461 847 1475 ,
872 1437 904 1472 &
925 1436 1059 1471 deberi:
1087 1447 1176 1471 nunc
1194 1433 1319 1482 igitur,
1346 1432 1463 1468 audito
1478 1434 1545 1474 jain
1584 1467 1588 1471 ,

77 1484 243 1532 Episcopo
257 1512 268 1526 ‚
293 1485 528 1522 definiendum
549 1486 616 1521 erit
642 1509 652 1520 .

26 1534 85 1572 An
99 1559 109 1573 ‚
136 1537 179 1571 ὠ
193 1536 249 1569 cui
261 1534 612 1578 debeatursubfidiizm
629 1559 640 1574 ‚
659 1532 836 1581 sivepc'um
850 1532 1000 1578 legatum
1018 1532 1146 1568 Montis
1167 1527 1378 1575 &avenazzc'
1393 1553 1402 1568 ,
1429 1530 1468 1566 dc
1483 1539 1547 1575 quo

213 1584 331 1628 agitur
348 1608 358 1622 ,
392 1583 426 1617 in
450 1582 524 1626 casu
546 1587 619 1620 &a
854 1583 860 1587 ⁸

123 1665 542 1706 ASTELLANETEN:
569 1668 619 1704 Ut
643 1668 788 1704 diximus
813 1668 846 1703 in
871 1668 980 1703 Causa
996 1664 1215 1703 antecedenti
1239 1691 1250 1704 ‚
1276 1671 1418 1710 quatuor
1449 1665 1542 1698 Exe-
1580 1677 1723 1720 sest„⁸
1739 1680 1811 1712 ωςο

130 1724 292 1763 quutores
307 1718 344 1751 in
370 1717 604 1755 nominatione
631 1716 775 1760 personae
797 1743 807 1756 ,
841 1728 912 1761 qux
934 1715 1045 1750 dotale
1064 1712 1241 1749 subsidium
1272 1713 1357 1746 ferre
1381 1711 1546 1761 deberet,
1577 1725 1616 1758 de
1633 1725 1704 1772 Ref-

68 1763 252 1798 convenire
274 1775 344 1800 non
370 1773 582 1812 potuerunt.
609 1764 705 1798 Dum
719 1775 773 1798 eos
797 1763 832 1798 in
848 1763 940 1797 suam
955 1761 1153 1796 sententiam
1174 1759 1351 1794 secundum
1377 1758 1546 1810 §athari-

70 1822 149 1844 nam
173 1810 205 1844 la
222 1810 340 1847 fratta
358 1815 494 1848 trahere
520 1809 642 1846 nititur
666 1811 842 1856 Episcopus
857 1810 981 1855 primus
999 1809 1192 1855 Exequutor
1208 1834 1217 1844 ‚
1243 1816 1311 1840 tres
1329 1804 1448 1851 reliqui
1472 1814 1544 1846 ejus

68 1856 264 1903 suffragium
277 1885 287 1898 ,
314 1859 453 1896 consilia
467 1887 478 1900 ‚
506 1860 538 1894 &
554 1857 758 1903 praesentiam
774 1865 1024 1892 contemnentes
1038 1856 1237 1889 sententiam
1251 1851 1402 1887 tulerunt
1414 1879 1422 1892 ‚
1450 1864 1544 1887 eam·-

67 1916 133 1950 ‘lue
151 1916 256 1946 05³era
282 1905 385 1953 Regii
403 1906 622 1943 Tabellionis
637 1904 809 1952 Episcopo
827 1905 1050 1938 nunciarunt.
1076 1901 1180 1936 Tulit
1201 1911 1286 1946 aegre
1301 1899 1386 1933 hanc
1400 1912 1450 1934 me
1459 1900 1537 1934 tho-

67 1955 150 1989 dum
179 1951 356 2000 Episcopus
374 1982 385 1996 ‚
411 1956 442 1990 &
456 1952 605 2003 querelas
619 1952 790 1998 proposuit
803 1952 905 1986 Sacro
919 1948 1196 1986 huicTribunali‚
1210 1946 1358 1991 ideoque
1373 1947 1414 1980 ad
1425 1957 1539 1982 omnes

71 2000 296 2044 praecidendas
309 2001 555 2038 controversias
569 2003 664 2039 octo,
690 2011 761 2046 quae
777 1999 978 2044 sequuntur,
1003 1995 1128 2041 Capita
1147 1992 1276 2029 definiri
1289 1993 1416 2029 debent
1435 2018 1446 2029 .

25 2050 56 2088 I.
83 2049 368 2101 AfflEptfiopus
391 2050 645 2099 Castellanetae
672 2050 797 2084 valeat
823 2048 954 2093 eligere
968 2072 979 2088 ‚
1005 2044 1086 2090 sive
1109 2046 1281 2091 deputare
1300 2043 1534 2089 Defensorem

230 2106 278 2140 ad
303 2106 433 2141 tuenda
465 2102 566 2151 Jura
583 2102 649 2138 Pii
664 2100 806 2138 Montis
821 2099 1035 2147 Juvenazzi
1047 2124 1057 2140 ,
1087 2099 1129 2133 de
1142 2106 1206 2143 quo
1219 2097 1368 2143 agitur,
1388 2094 1423 2130 &
1439 2106 1534 2144 qua-

230 2165 333 2193 tenus
346 2167 366 2191 a
381 2155 570 2193 ffirmative
587 2181 596 2190 .

23 2204 78 2244 11.
108 2211 174 2244 An
198 2209 289 2244 idem
315 2208 513 2254 Defenfiiri
541 2207 685 2253 aliquod
709 2205 880 2242 debeatur
898 2203 1114 2251 salarium?

26 2258 92 2298 ΙΙΙ.
120 2270 186 2297 Δια
210 2260 329 2307 aliquo
354 2268 561 2296 occurrente
581 2258 712 2306 diffidio
723 2257 834 2304 super
860 2255 1162 2293 admittendorum
1183 2251 1365 2300 qualitate
1393 2278 1405 2294 ,
1442 2251 1537 2288 illud

229 2311 578 2358 extrajudicialicer,
597 2308 677 2354 five
687 2312 807 2356 pocius
818 2307 1052 2359 judicialiter
1067 2306 1193 2341 dirimi
1207 2305 1365 2341 debeat?
1385 2302 1432 2340 Et
1445 2314 1538 2350 qua-

228 2370 330 2403 tenns
343 2364 552 2400 affirmative
580 2361 700 2411 quoad
729 2361 876 2407 primam
891 2368 1029 2405 partem
1046 2385 1056 2396 .

19 2414 88 2456 JV.
118 2415 182 2454 An
205 2418 425 2455 attendenda
440 2415 495 2460 fit
522 2415 690 2462 resolutio
709 2412 852 2463 majoris
862 2413 985 2460 partis
1002 2409 1291 2460 Exequutorum,
1321 2409 1360 2450 ἐς
1390 2407 1479 2455 quid
1493 2409 1533 2443 in

224 2472 392 2517 paritate
404 2467 662 2521 suffragiorum
676 2468 692 2503 ἓ
1076 2506 1078 2508 ,

26 2521 84 2559 V.
114 2521 186 2557 Au.
203 2522 374 2569 Eptfiopo
387 2523 427 2557 in
454 2517 724 2566 distributione,
745 2520 814 2566 seu
835 2517 1116 2564 adjudicatione·
1138 2511 1344 2558 ubfidiorum
1363 2511 1535 2557 extrusu-

229 2569 444 2616 dicialiter‚
473 2571 536 2609 vel
556 2571 791 2622 judicialiter
809 2570 1051 2618 procedente,
1081 2567 1202 2613 aliqua
1232 2565 1299 2613 ipsi
1312 2590 1324 2606 ,
1343 2562 1425 2609 sive
1455 2563 1536 2607 ejus

231 2624 420 2673 Ministris
448 2625 647 2660 debeantur
677 2623 927 2663 emolumenta,
958 2619 998 2660 ᾤ’
1011 2629 1086 2666 quae
1098 2621 1140 2653 in
1162 2618 1243 2665 casu
1266 2617 1358 2668 ὄσ.-

23 2673 91 2718 VL
119 2678 188 2714 An
203 2677 376 2728 schedula
398 2676 670 2725 distributionis
695 2671 927 2722 subsidiorum
948 2670 1209 2719 fitbfcribenda
1226 2666 1280 2714 sit
1296 2683 1316 2706 a
1333 2666 1410 2716 solo
1429 2664 1536 2712 Epis-

227 2738 327 2776 copo,
365 2730 426 2765 vel
450 2729 495 2766 ab
521 2729 607 2766 aliis
634 2726 954 2778 Exequmoribm?

212 2782 410 2818 Tam-XVII.
885 2774 914 2810 C
944 2787 962 2813 ἰ
1343 2773 1418 2806 VH·
1443 2765 1499 2804 An
