1874 2961
425 162 723 213 Reverendtffime
738 162 892 200 Domine
905 164 965 198 uti
982 162 1116 199 Frater
1132 164 1143 200 .’
1502 145 1515 165 ³

58 218 147 266 Q
169 216 400 255 parochiales
418 215 579 254 Ecclefiae
592 214 806 262 dignoribus
823 213 980 263 personis
995 214 1236 261 gubernanda:
1264 217 1489 256 traderentur
1505 249 1517 264 ‚

55 269 180 306 statuit
195 296 206 312 ‚
236 278 277 304 ut
293 279 416 305 notum
432 268 500 304 est.
529 265 765 303 Sacrosaneta
778 265 993 303 Tridentina
1022 266 1193 314 Synodus
1215 266 1352 312 seff.24.
1371 283 1448 317 cap.
1461 284 1470 306 1
1483 273 1518 310 8.

54 330 95 355 ut
113 346 124 361 ‚
154 331 302 358 vacante
320 318 475 357 Ecclesia
489 318 687 355 Parochiali
705 346 716 362 ,
749 317 970 355 indiceretur
988 346 998 362 ‚
1027 320 1061 354 8<
1090 318 1190 354 fieret
1216 320 1411 357 concursus
1432 336 1442 365 ς
1476 336 1519 360 ac

53 370 240 422 postquam
258 378 508 408 concurrentes
525 370 568 404 ab
583 369 761 419 Episcopo
775 397 786 412 ‚
807 371 863 408 vel
879 370 955 412 ejus
988 371 1144 407 Vicario
1174 370 1347 406 Generali
1364 397 1374 412 ,
1410 382 1521 421 atque

57 425 105 462 ab
121 422 438 462 Examinatoribus
453 421 699 469 Synodalibus
721 423 840 458 saltem
854 422 972 458 tribus
991 449 1002 466 ‚
1024 423 1218 459 examinati
1237 449 1248 464 ‚
1266 423 1301 457 8<
1325 425 1521 469 approbati

55 476 184 521 essent,
216 473 421 522 Episcopus
437 484 516 508 eum
531 473 677 520 eligeret
691 501 702 517 ‚
732 486 836 523 quem
853 482 956 509 aetate
973 501 984 516 ‚
1001 475 1159 510 moribus
1175 499 1186 515 ‚
1217 471 1385 510 doc‘trma
1401 502 1412 519 ‚
1431 488 1521 523 pru—

54 528 174 565 dentia
188 554 200 571 ‚
216 525 365 574 aliisque
380 524 487 563 rebus
503 525 547 561 ad
562 535 749 562 vacantem
764 524 958 562 Ecclesiam
989 523 1254 572 gubernandam
1284 525 1487 564 neceffariis
1507 554 1519 570 ‚

56 581 93 616 &
108 578 328 628 opportunis
344 603 354 619 ,
379 577 582 622 digniorem
598 579 733 614 caeteris
749 605 760 621 ‚
790 575 967 624 magisque
985 578 1154 613 idoneum
1167 575 1348 622 judicaret
1365 606 1375 615 .
1411 578 1524 627 Adje-

53 632 179 679 citque
195 629 239 666 ad
253 629 342 665 hanc
357 628 517 664 Concilii
531 628 759 665 Sanf’tionem
785 628 942 665 validius
974 627 1253 665 confirmandam
1269 655 1280 670 ,
1311 640 1347 663 re
1364 656 1376 672 ‚
1407 629 1441 666 8<
1460 641 1528 666 no-

56 685 151 719 mine
168 679 407 718 Sanstiffimus
421 677 586 715 Pontifex
604 680 687 718 Pius
706 682 751 719 V.
768 679 867 730 quod
881 707 891 722 ‚
923 679 945 715 fl
971 691 1128 729 unquam
1160 679 1369 727 Episcopus
1398 682 1520 717 minus

58 733 213 771 habilem
229 757 240 774 ,
266 729 468 778 postpositis
500 732 616 776 magis
645 734 783 769 idoneis
800 757 811 773 ‚
839 732 1001 778 elegisset
1028 759 1039 775 ‚
1065 731 1200 780 poss'ent
1229 732 1253 766 ii
1272 758 1282 774 ,
1312 733 1375 779 qui
1392 732 1521 780 rejeai

60 785 189 829 essent,
220 794 240 818 a
255 782 348 817 mala
364 781 719 829 ejusmodieleclione
749 784 792 820 ad
811 783 1138 832 Metropolitanum
1154 811 1164 826 ‚
1194 783 1279 824 vel,
1318 782 1341 817 fi
1356 783 1431 831 ipsc
1459 784 1521 819 eli·

59 846 144 884 gens
156 832 464 882 Metropolitanus
479 861 489 877 ‚
520 844 585 871 aut
600 846 790 884 exemptus
808 835 903 870 foret
919 861 930 878 ,
960 834 1005 870 ad
1022 836 1232 871 viciniorem
1254 832 1488 870 ordinarium
1505 860 1517 877 ,

54 897 97 925 ut
110 884 214 922 Sedis
231 882 451 932 Apostolicae
463 886 685 933 Delegatum
701 916 711 931 ,
742 887 799 923 vel
815 887 906 922 alias
928 886 972 921 ad
987 885 1099 934 ipsam
1116 886 1244 923 Sedem
1263 883 1515 932 Apostolicam

51 936 236 986 appellare
253 961 263 978 ‚
300 947 344 972 ac
360 937 589 983 praeelectum
606 938 650 974 ad
666 950 797 976 novum
822 948 966 974 examen
994 949 1114 972 coram
1144 937 1224 984 ipso
1255 937 1518 984 appellationis

49 989 200 1039 judice,
228 988 262 1023 8<
284 986 361 1035 ejus
386 988 703 1028 Examinatoribus
721 1000 945 1038 provocare:
977 1000 1017 1024 ea
1034 997 1150 1024 tamen
1165 989 1333 1025 cautione
1348 1015 1359 1030 ‚
1389 996 1430 1023 ut
1453 999 1520 1035 ap-

52 1039 205 1089 pellatio
222 1050 293 1075 non
310 1041 345 1073 in
360 1037 558 1085 suspenfivo
572 1068 583 1084 ‚
614 1040 671 1077 sed
687 1043 723 1078 in
742 1040 958 1077 devolutivo
986 1039 1051 1074 effe
1078 1039 1226 1076 deberet
1242 1051 1252 1074 ε
1280 1038 1519 1088 quemadmo-

52 1089 185 1128 durnin
202 1089 277 1138 ejus
292 1088 564 1128 Constitutione
577 1119 588 1136 ‚
605 1105 684 1140 quae
701 1090 880 1138 trigesima
892 1092 1001 1126 tertia
1018 1089 1088 1133 est,
1110 1091 1221 1126 latius
1239 1099 1390 1127 cavetur
1406 1102 1415 1124 ε
1431 1101 1514 1126 con-

54 1141 232 1180 cludendo
251 1169 261 1184 ‚
279 1140 379 1190 quod
395 1168 406 1184 ‚
423 1140 575 1178 constito
590 1143 634 1178 de
654 1144 785 1191 prioris
801 1142 964 1188 eligentis
991 1142 1228 1178 irrationabili
1256 1141 1396 1188 judicio
1411 1171 1423 1191 ,
1449 1151 1512 1178 eo-

53 1205 124 1243 que
141 1202 312 1235 revocato
329 1219 340 1235 ‚
377 1192 598 1232 parochialis
616 1195 772 1231 Ecclesia
788 1195 906 1240 magis
921 1193 1052 1229 idoneo
1067 1193 1273 1230 conferatur
1289 1219 1300 1230 .

105 1244 201 1280 Cum
219 1253 340 1281 autem
352 1256 467 1292 neque
484 1245 648 1282 Concilii
664 1247 826 1283 Decreto
843 1272 853 1288 ‚
872 1257 989 1292 neque
1003 1245 1190 1280 pontificis
1210 1244 1314 1281 Bulla
1339 1245 1516 1281 examinis

55 1301 92 1334 in
111 1295 283 1331 concursu
299 1295 497 1342 peragendi
515 1296 629 1333 forma
643 1324 653 1340 ‚
668 1297 726 1333 seu
744 1296 934 1331 methodus
948 1296 1021 1331 ulla
1036 1305 1156 1339 certa,
1176 1308 1216 1332 ac
1232 1294 1430 1342 peculiaris
1444 1295 1519 1331 ser-

51 1347 169 1385 vanda
184 1355 410 1394 proponatur
429 1347 601 1391 ;di.fficile
614 1347 712 1384 distu
729 1346 777 1382 est
792 1373 804 1389 ‚
820 1356 954 1395 quanta
968 1349 1171 1383 examinum
1185 1373 1196 1389 ‚
1215 1347 1373 1382 aliorum
1395 1345 1486 1382 alibi
1499 1373 1511 1390 ,

50 1398 236 1437 diversitas
245 1399 404 1433 extiterit
419 1424 431 1440 ‚
459 1407 569 1447 atque
586 1399 644 1434 hic
657 1397 798 1434 occasio
813 1399 1041 1447 querelarum
1065 1427 1074 1435 .
1095 1397 1194 1435 Nam
1211 1397 1298 1434 alibi
1313 1423 1325 1438 ‚
1343 1408 1424 1433 cum
1440 1409 1514 1434 non

49 1451 181 1487 eaedem
193 1447 360 1485 omnibus
375 1447 600 1498 Qstiones
616 1477 626 1492 ‚
658 1461 728 1485 non
754 1448 862 1485 iidem
891 1450 993 1484 casus
1013 1448 1190 1496 propositi
1209 1448 1352 1484 fuissent
1373 1460 1383 1482 z
1414 1457 1520 1485 erant,

50 1501 245 1539 identidem
263 1525 274 1541 ‚
289 1500 352 1548 qui
368 1526 379 1542 ‚
396 1501 452 1536 vel
468 1500 656 1548 injudicio
671 1528 682 1544 ,
699 1499 755 1537 vel
767 1510 868 1537 extra
877 1510 1141 1549 conquerentur
1156 1527 1167 1543 ,
1182 1500 1244 1535 sibi
1261 1499 1405 1549 quidem
1423 1499 1524 1547 post·

49 1552 175 1603 politis
184 1550 407 1587 difficiliores
419 1578 430 1594 ,
459 1552 646 1600 praeele&o
660 1561 778 1588 autem
793 1552 974 1588 faciliores
993 1552 1038 1587 ad
1056 1552 1261 1589 solvendum
1286 1550 1515 1600 Qstiones

52 1603 223 1651 obtigisse
236 1631 245 1640 .
263 1602 365 1639 Alibi
379 1614 464 1639 vero
481 1603 609 1639 eaedem
621 1603 766 1653 quidem
780 1603 946 1642 omnibus
963 1602 1190 1650 Quaestiones
1229 1600 1419 1651 proposita:
1442 1601 1518 1637 fue-

53 1664 141 1692 runt
152 1682 163 1698 ,
181 1654 237 1690 sed
252 1666 365 1703 neque
380 1654 444 1697 hat,
461 1666 576 1703 neque
589 1655 681 1692 datae
693 1666 712 1690 a
725 1655 1022 1692 concurrentibus
1040 1654 1284 1702 responsiones
1297 1653 1512 1701 scripto,seu

55 1707 174 1743 literis
191 1705 486 1753 confignabantur
502 1734 511 1743 .
541 1705 709 1755 Cumque
725 1704 946 1751 postmodum
963 1733 974 1749 ,
1006 1718 1070 1743 nec
1086 1719 1167 1743 raro
1184 1707 1415 1750 contingeret
1428 1731 1439 1746 ‚
1474 1712 1515 1739 ut

57 1760 76 1794 ὲ
96 1755 299 1805 postpositis
313 1758 582 1806 quispiamjure
598 1758 707 1794 Bullae
722 1756 932 1804 supradietae
948 1785 958 1800 ,
981 1770 1112 1794 novum
1143 1759 1188 1794 ad
1218 1767 1364 1794 examen
1392 1766 1514 1790 coram

53 1809 184 1859 Judice
199 1809 476 1857 Appellationis
490 1837 500 1853 ‚
532 1808 677 1858 ejusque
691 1809 998 1847 examinatoribus
1013 1809 1162 1844 electum
1182 1815 1397 1856 provocaret
1413 1819 1421 1840 :
1455 1806 1518 1842 Sa-

59 1873 121 1898 cra
135 1860 391 1909 Congregatio
405 1860 514 1912 usque
532 1860 576 1896 ab
592 1873 684 1897 anno
699 1860 805 1907 1603.
823 1860 1046 1897 considerans
1063 1872 1257 1907 gravamen
1274 1871 1344 1895 non
1368 1858 1441 1893 alia
1459 1869 1519 1892 ra-

55 1914 159 1949 tione
172 1938 184 1954 ,
212 1925 318 1962 quam
346 1927 443 1951 novo
472 1915 631 1951 examine
661 1911 808 1960 probari
837 1912 930 1961 poffe
947 1926 958 1957 3
986 1913 1283 1959 provocationem
1319 1909 1363 1946 ad
1381 1919 1516 1944 novum

56 1975 205 2001 examen
224 1965 360 2003 censuit
372 1966 625 2002 admittendam
641 1993 652 2010 ‚
680 1965 889 2011 gravamine
904 1975 969 1999 nec
983 1964 1067 1999 dum
1085 1963 1238 2011 probato
1252 1989 1262 2005 ‚
1284 1962 1319 1996 8<
1334 1958 1514 2008 requisitis

56 2017 304 2052 tantummodo
322 2017 606 2065 probationibus
620 2018 655 2052 in
672 2015 1046 2064 subsequentijudicio
1064 2042 1074 2058 ,
1105 2016 1140 2050 in
1152 2028 1227 2063 quo
1248 2040 1258 2056 ‚
1278 2011 1436 2059 probato
1450 2021 1517 2056 per

55 2079 191 2103 novum
201 2078 346 2105 examen
359 2070 578 2116 appellantis
595 2068 801 2114 gravamine
814 2067 934 2114 quoad
948 2064 1146 2101 doetrinam
1164 2094 1174 2109 ,
1205 2061 1391 2113 probanda
1418 2061 1523 2110 supe-

54 2117 124 2155 rest
139 2118 292 2165 ejusdem
304 2132 375 2169 prae
386 2119 461 2166 jam
475 2120 590 2156 eleeto
619 2121 654 2154 in
683 2118 828 2166 reliquis
857 2119 902 2153 ad
918 2117 1107 2164 regendam
1130 2116 1325 2155 Ecclefiam
1339 2112 1517 2161 requifitis

55 2167 254 2218 praestantia
269 2197 280 2212 ,
318 2181 361 2208 ut
375 2170 420 2206 de
435 2171 565 2219 majori
580 2169 788 2206 alterutrius
804 2170 848 2205 ad
864 2169 1082 2204 Parochialis
1113 2168 1276 2205 Ecclefiae
1303 2164 1517 2212 gubernium

57 2220 258 2257 idoneitate
275 2221 450 2260 sententia
464 2222 549 2258 ferri
565 2220 667 2267 poffit
684 2235 694 2265 ;
728 2232 808 2255 cum
823 2233 892 2255 non
904 2221 1076 2256 continuo
1092 2248 1102 2264 ,
1133 2220 1157 2255 fi
1177 2221 1255 2269 quis
1282 2217 1330 2253 est
1347 2213 1493 2252 doftior
1506 2241 1518 2257 ‚

57 2273 91 2306 is
107 2273 213 2307 etiam
228 2276 348 2319 aptior
364 2302 375 2318 ,
407 2273 464 2309 seu
481 2274 598 2320 magis
616 2272 765 2310 idoneus
793 2272 839 2308 ad
866 2271 901 2306 id
936 2273 1093 2318 regimen
1107 2273 1280 2308 habeatur
1295 2296 1306 2311 ‚
1335 2268 1392 2304 vel
1408 2267 1519 2301 etiam

57 2323 246 2359 habendus
262 2323 315 2363 fit.
332 2326 455 2376 Qam
468 2325 584 2361 Sacrae
596 2324 905 2369 Congregationis
921 2321 1129 2360 sententiam
1146 2323 1363 2370 Scriptores,
1380 2318 1416 2353 8<
1433 2317 1522 2352 Tri·-

60 2374 208 2410 bunalia
223 2375 426 2414 laudarunt.
445 2377 541 2412 Aliis
556 2377 695 2412 demum
708 2376 745 2410 in
762 2373 984 2410 Dioecefibus
999 2372 1362 2417 laudabilis,invaluit
1375 2367 1519 2404 consue-

62 2425 153 2461 tudo
167 2452 178 2469 ,
208 2436 249 2462 ut
263 2428 391 2465 eaedem
402 2429 572 2464 omnibus
588 2425 811 2477 Qstiones
823 2453 834 2469 ‚
866 2427 1044 2476 iidemque
1056 2428 1156 2463 casus
1174 2430 1447 2473 proponantur5
1475 2429 1519 2476 ²?

63 2476 84 2523 (
105 2487 147 2511 ne
161 2489 232 2524 qua
241 2479 345 2515 detur
358 2479 439 2517 ansa
458 2480 692 2517 Cancellario
707 2478 906 2527 quidquam
922 2479 983 2514 suo
1001 2489 1112 2515 marte
1128 2475 1302 2515 addendi,
1321 2468 1518 2511 minuendi,

63 2527 224 2564 mutandi
242 2532 260 2579 )
278 2541 318 2567 ut
334 2531 472 2578 ipfimet
487 2541 740 2567 concurrentes
756 2557 767 2573 ‚
797 2542 874 2578 quae
889 2531 1100 2576 interrogati
1118 2529 1253 2564 fuerint
1266 2552 1277 2568 ‚
1291 2551 1293 2553 ·
1305 2533 1456 2572 quaeque
1470 2531 1523 2556 re·

64 2578 294 2627 sponderint,
320 2582 378 2620 sua
401 2595 507 2619 manu
532 2583 750 2629 perscribant
768 2609 778 2619 .
805 2583 927 2630 Atque
955 2580 1138 2616 Ordinarii
1159 2605 1170 2622 ‚
1200 2578 1410 2625 quimorem
1426 2573 1520 2630 bunc

65 2633 175 2677 longe
201 2634 378 2678 optimum
403 2635 439 2670 in
466 2633 701 2671 examinando
729 2643 874 2670 tenuere
892 2646 904 2677 ς
934 2632 1050 2669 sacra:
1077 2630 1206 2667 deinde
1230 2627 1520 2673 congregationi

67 2683 169 2722 etiam
185 2711 197 2726 ⁹
229 2693 336 2733 atque
353 2687 459 2724 etiarn
474 2686 762 2724 considerandum
776 2713 786 2729 ‚
805 2685 1026 2734 reliquerunt
1055 2710 1065 2726 ‚
1085 2682 1159 2726 his,
1188 2678 1309 2730 quific
1324 2673 1521 2715 examinati

175 2735 394 2776 Tom.XIV.
902 2735 935 2772 L
953 2745 970 2770 2
1400 2726 1520 2765 effent,
