1874 2961
40 152 102 234 P
122 140 413 183 ΟΤΕΝΤΙΝΛε
442 140 595 178 Desinita
611 139 758 179 fuithaec
771 142 881 178 Causa
905 143 941 180 in
965 143 1083 179 eadem
1111 146 1238 182 ultima
1258 107 1556 192 Congrbgaettong

130 199 161 232 &
175 190 351 240 propositis
363 189 488 224 duobus
506 189 631 224 Dubiis
646 195 668 225 I.
687 199 744 227 An
761 191 885 226 deletio
903 194 1097 227 sacerdotis
1113 195 1296 229 Michaelis
1310 196 1446 239 Angeli
1463 201 1556 230 Lau·

83 250 152 282 rito
166 254 209 278 ex
221 239 316 274 ¹Albo
330 238 481 284 capituli
489 236 718 280 Jiibstineatur
734 241 770 273 in
782 242 857 279 casu
871 243 946 274 (rc.
959 263 969 277 ‚
983 238 1017 272 δὲ
1031 247 1198 283 quatenus
1215 240 1376 286 negative
1394 265 1406 275 .
1435 239 1479 276 11.
1495 247 1555 277 An

82 295 126 328 &-
140 300 159 321 a
173 299 237 334 qno
250 294 399 332 tempore
411 283 574 319 debeatur
583 286 813 331 participatio
831 296 903 318 cum
918 285 1068 331 insigniis
1083 312 1093 325 ‚
1117 287 1266 333 aliisque
1280 288 1463 323 honoribus
1477 301 1556 324 con-

74 337 185 382 suetis
209 334 416 377 inustione.
431 330 693 375 Responderunt
717 330 1130 367 EminentiiiimiPatres.
1154 340 1212 368 An
1238 334 1266 368 1.
1293 338 1456 379 negative
1471 361 1481 374 ‚
1509 339 1554 371 &-

81 394 133 418 am
159 382 252 417 lius.
277 384 335 414 Aa
349 378 397 414 11.
420 377 536 415 deberi
557 391 576 411 a
597 380 650 412 die
674 380 965 425 interpellationis
982 403 992 414 .
1024 379 1104 414 Non
1130 379 1257 424 placuit
1285 379 1450 424 Capitulo
1481 382 1554 416 liaec

80 391 231 464 delionitio
246 452 255 465 ‚
283 425 426 471 ideoque
439 424 539 469 petiit
557 424 687 465 audiri,
705 426 737 460 δι
750 423 952 472 proponitur
966 437 1053 461 nunc
1066 425 1176 461 Causa
1201 426 1314 475 quoad
1339 427 1555 463 secundum-1

82 475 262 514 Dubium,
288 482 326 507 ut
350 471 561 519 Ampliffimi
578 472 715 512 Patres,
742 474 825 509 ledo
855 473 978 508 iterum
995 475 1088 509 Folio
1115 477 1393 522 congregationis
1429 474 1556 509 habitet:

81 527 134 560 die
146 526 200 557 28.
220 523 391 565 ojanum-ii
406 545 416 558 ,
435 520 616 554 decernere
643 520 761 566 possint
778 545 789 555 .

36 575 103 609 ’,Λη
112 569 157 613 fit
175 568 329 610 flandum
341 593 351 607 ,
378 569 438 603 vel
452 565 669 604 recedendum.
682 580 702 602 a
717 566 841 610 Decifis
857 568 891 602 in
910 568 985 613 casu
999 571 1074 605 (rc,

208 677 394 729 Dilata
431 715 448 729 .
935 669 964 691 ⁴

117 807 188 843 LO
199 806 270 842 RE·
283 806 320 853 N·
333 806 369 842 T
381 807 395 842 Ι
408 807 445 842 N
458 808 492 843 A
515 807 943 846 COMMUTATIONIS
968 808 1182 847 ULTIMAE
1203 807 1536 846 VOLUNTATIS
1546 819 1558 842 ε

129 854 217 890 Haec
230 867 360 902 quoque
386 854 497 890 Causa
510 855 700 902 proposita,
725 857 756 892 δι
772 856 910 894 definita
935 857 998 893 fuit
1017 859 1050 892 in
1075 860 1199 894 ultima
1218 860 1500 905 congregatione,
1524 855 1559 890 ὅ(

82 902 215 939 duobus
229 903 367 938 Dubiis
381 903 411 937 1.
432 905 540 945 Ansit
555 905 647 939 locus
661 908 919 942 commutationi
932 907 1125 941 voluntatis
1145 908 1179 941 in
1203 906 1277 949 casu
1292 910 1367 942 &a
1386 930 1396 943 ‚
1421 907 1452 940 ὁ(
1477 914 1559 950 qua-

84 959 188 986 tenus.
199 949 423 986 affirmative:
453 948 496 984 II.
521 955 601 991 An,
628 955 671 988 Θ
685 951 812 999 quibus
826 978 837 992 ,
861 957 904 990 Θ
918 956 954 988 in
977 964 1044 999 qua
1057 955 1254 999 quantitate
1276 951 1469 998 affigmmdae
1489 952 1557 995 sint

85 1004 191 1032 Dotes
205 998 240 1032 in
255 998 331 1041 cafic
345 1002 417 1034 &a
433 996 642 1043 Responsum
657 997 721 1034 fuit
733 1017 747 1024 -
772 1002 938 1046 negative
951 1003 994 1036 (7⁸
1011 1001 1262 1034 ‘providendum
1288 998 1350 1043 effi:
1371 999 1462 1045 juxa
1493 1011 1558 1034 vo-

86 1054 158 1080 tum
175 1044 436 1093 „Archiepifcopi
450 1064 465 1071 -
481 1043 675 1080 Retraeiari
690 1045 823 1082 causam
847 1046 939 1081 hanc·
961 1045 1130 1091 postulant
1142 1046 1355 1090 pronepotes
1381 1044 1557 1081 Canonici

83 1090 216 1126 Salucci
231 1115 242 1129 ‚
269 1093 301 1126 δι
315 1092 357 1125 ad
373 1090 659 1128 Eminentiffimos
677 1095 788 1128 Patres
804 1091 926 1137 spectat
941 1092 1146 1139 cognoscere
1158 1121 1167 1130 .

38 1144 98 1175 An
118 1138 164 1181 Jit
177 1137 331 1180 standum
344 1165 357 1179 .
383 1139 442 1175 vel
454 1141 672 1177 recedendum
688 1154 707 1175 a
734 1139 858 1183 Decafis
874 1142 907 1175 in
923 1153 960 1175 ca
979 1153 998 1175 u
1014 1145 1093 1179 (rc.

216 1250 277 1300 In
300 1248 500 1302 Decisis
520 1289 533 1312 ‚
571 1255 620 1304 δι
640 1252 870 1319 amplius
887 1290 900 1312 ‚
936 1252 1008 1301 ita
1027 1264 1202 1302 tamen
1237 1264 1298 1302 ut
1333 1251 1557 1320 pecunia

113 1334 222 1386 pro-
237 1317 485 1370 Dotibus
505 1321 805 1388 deponatur
832 1323 888 1369 in
902 1319 1051 1371 sacra
1067 1320 1201 1371 AEde
1219 1319 1433 1371 Pietatis
1458 1360 1471 1372 .

120 1424 395 1461 ERRARIEN.
418 1426 599 1462 LEGATI
626 1427 885 1463 MISSARUM
911 1440 926 1459 ε·
958 1426 1187 1463 Testamenta
1209 1426 1380 1462 Francisci
1411 1424 1562 1462 Frassoni

129 1472 281 1507 instituta
296 1472 361 1507 fuit
377 1474 478 1509 haeres
507 1476 539 1509 in
557 1475 577 1508 si
590 1473 678 1510 misse
692 1474 870 1510 Ludovica
889 1476 1020 1521 §raggia
1036 1476 1105 1516 eius
1116 1475 1208 1510 soror
1222 1488 1233 1508 ε
1260 1475 1293 1508 in
1310 1475 1419 1510 altero
1428 1471 1564 1509 semisse

85 1519 232 1555 Carolus
245 1518 341 1554 filius
354 1522 525 1556 naturalis
540 1521 654 1557 fratris
666 1522 714 1557 sui
729 1550 739 1562 ,
764 1525 796 1557 ὄι
808 1522 931 1556 Caroli
949 1533 1078 1559 maur:
1106 1522 1170 1557 His
1187 1521 1346 1556 Testator
1364 1521 1413 1557 ita
1439 1519 1560 1556 substi-

36 1594 60 1609 „
86 1569 156 1602 tuit
169 1584 205 1591 -·
228 1567 338 1601 Morti
354 1569 409 1613 poi
434 1570 496 1604 che
512 1569 656 1604 saranno
671 1569 756 1604 detti
779 1569 883 1604 Cario
899 1595 909 1608 ,
933 1581 950 1602 e
966 1569 1158 1605 Domenica
1171 1569 1228 1603 sua
1254 1568 1379 1603 Madre
1394 1596 1409 1609 „
1430 1566 1534 1602 lascio
1548 1591 1559 1607 ,

37 1642 60 1656 „
85 1614 150 1649 che
167 1615 278 1659 quella
294 1614 343 1647 lor
356 1627 454 1660 parte
467 1618 578 1650 tocchi
603 1630 621 1651 a
648 1615 818 1651 I'ommaso
831 1614 976 1659 figliodi
989 1618 1082 1652 detta
1109 1616 1176 1652 mia
1190 1615 1318 1650 §orella
1341 1626 1406 1650 con
1434 1624 1532 1659 patto
1547 1639 1560 1653 ,

39 1691 62 1707 ‚‚
88 1661 151 1697 che
172 1660 214 1695 sia
227 1661 410 1698 Sacerdote
421 1690 432 1704 ,
457 1676 474 1697 e
491 1664 551 1699 che
566 1664 674 1698 debba
688 1664 858 1698 celebrare
872 1674 920 1696 tre
935 1663 1041 1698 Messe
1056 1665 1087 1699 la
1101 1664 1280 1698 settimantr
1291 1664 1359 1697 &c.
1384 1674 1406 1697 e>
1425 1673 1490 1696 non
1503 1661 1558 1696 es—

37 1738 63 1754 „
89 1708 193 1742 sendo
204 1708 378 1743 Sacerdote
395 1735 404 1748 ,
435 1711 468 1745 in
484 1712 595 1759 qu5›st.÷
612 1720 767 1754 portione
783 1710 923 1744 succeda
936 1711 966 1744 la
986 1711 1197 1756 Compagnia
1212 1709 1273 1744 del
1289 1708 1480 1744 Santiffimo
1494 1708 1559 1741 Sa-

38 1786 62 1800 „
87 1755 728 1803 gramenmdellachiesaparochiaie
743 1760 774 1791 di
790 1758 809 1790 S
838 1754 976 1791 stefano
989 1758 1020 1791 di
1034 1757 1143 1792 Massa
1155 1769 1220 1792 con
1235 1757 1268 1790 la
1282 1754 1457 1790 medefima
1470 1754 1558 1790 obli-

38 1833 61 1848 „
86 1813 229 1849 gazione
253 1802 286 1836 di
302 1802 350 1837 far
372 1806 544 1841 celebrare
561 1806 658 1841 dettc
684 1803 790 1839 Meffe
825 1814 926 1839 come*
944 1803 1038 1847 sopra
1061 1806 1126 1840 ἃς.
1156 1801 1474 1839 DefunctisCarolo
1489 1828 1498 1841 ‚
1525 1803 1556 1837 &

85 1853 161 1893 eius
173 1859 282 1885 matre
297 1876 306 1888 ‚
332 1852 450 1895 portio
466 1853 526 1888 illa
545 1852 753 1888 haerediiatis
767 1852 830 1887 suit
851 1851 892 1885 ad
909 1849 1076 1886 Thomam
1086 1850 1221 1897 Staggia
1245 1847 1353 1884 filium
1375 1849 1560 1884 Ludovicae

84 1899 215 1933 sororis
234 1896 415 1934 restatoris
429 1927 440 1940 ,
468 1911 541 1936 erat
556 1901 647 1935 enim
660 1900 821 1934 Sacerdos
838 1924 849 1937 ‚
873 1900 903 1933 ἃ
916 1909 1002 1933 onus
1016 1899 1123 1934 trium
1134 1900 1310 1932 Sacrorum
1324 1896 1366 1930 ad
1389 1896 1473 1931 hanc
1500 1895 1562 1930 us-

84 1954 152 1991 que
172 1944 264 1979 diem
287 1944 470 1991 diligenter
493 1947 652 1995 implevit
668 1974 677 1982 .
702 1947 791 1981 Cum
817 1956 899 1981 vero⁴
915 1945 980 1986 iam
1002 1946 1043 1980 ad
1068 1947 1203 1993 plenam
1224 1943 1424 1978 senec'tutem
1440 1951 1561 1989 vergat

85 1993 184 2038 (agit
199 1991 291 2025 enim
309 2003 432 2029 annum
446 1994 723 2041 septuagesimum
735 1993 947 2040 septimum)
970 1993 1135 2038 cogitavit
1149 1992 1241 2026 bona
1255 1991 1472 2026 haereditariae
1492 1990 1561 2024 hu-

84 2040 136 2082 jus
150 2038 318 2084 portionis
342 2039 525 2078 distrahere
539 2071 548 2084 ‚
572 2051 610 2077 ut
626 2041 708 2077 vitae
723 2041 874 2076 consulat
895 2039 1104 2075 substinendae
1120 2065 1134 2079 ‚
1155 2038 1209 2073 sed
1221 2038 1360 2072 dubium
1372 2047 1486 2073 ortum
1501 2037 1562 2076 est,

84 2097 126 2120 an
144 2086 215 2121 haec
230 2086 334 2120 facere
348 2089 442 2133 poflit
466 2116 476 2129 ‚
499 2089 579 2135 quia
593 2100 677 2124 onus
694 2088 870 2124 Sacrorum
884 2086 922 2121 fit
936 2098 1137 2133 perpetuum
1151 2113 1161 2126 ,
1187 2085 1218 2119 ἃ
1235 2085 1290 2127 Jus
1304 2084 1341 2119 in
1365 2085 1463 2119 bonis
1490 2083 1561 2118 iilis

86 2132 432 2172 habeatSodalitium
454 2136 652 2173 sanctiffimi
664 2135 874 2171 Sacramenti
888 2148 898 2168 ε
918 2134 1071 2180 Rogavit
1097 2135 1213 2180 itaque
1237 2131 1470 2177 Ampliffimos
1494 2131 1562 2165 Pa-

87 2190 156 2216 tres
175 2207 184 2220 ‚
209 2189 247 2214 ut
258 2179 404 2218 dubium
417 2183 480 2219 hoc
500 2184 700 2228 expedirent
717 2208 728 2221 ,
750 2194 821 2228 quo
845 2180 950 2228 posset
962 2181 1049 2217 bona
1064 2181 1175 2217 libere
1196 2181 1340 2215 vendere
1355 2205 1363 2213 .
1394 2177 1561 2213 Audita-³

85 2227 152 2263 fuit
164 2227 331 2262 sententia
351 2230 456 2265 animi
473 2229 701 2267 consultissimi
714 2231 750 2264 in
765 2239 913 2275 utroque
927 2229 1003 2270 Jure
1021 2227 1280 2264 Eminentislimi
1298 2224 1562 2272 Archiepiscopi

84 2273 302 2310 Ferrarierlfis
318 2300 326 2312 ‚
350 2276 411 2322 'qui
442 2279 569 2314 auditis
584 2277 762 2312 Sodalibus
775 2304 786 2317 ‚
813 2276 918 2312 solida
934 2304 943 2319 ‚
964 2276 1152 2322 disertaque
1166 2273 1314 2318 Epistola
1341 2272 1561 2308 secundum-,2

84 2323 257 2357 Thomam
274 2322 408 2371 Staggia
430 2326 626 2371 respondit,
650 2335 732 2360 onus
746 2324 926 2359 Sacrorum
956 2335 1024 2358 non
1048 2323 1111 2358 esl'e
1127 2322 1214 2357 reale
1230 2348 1238 2359 ‚
1265 2320 1319 2354 sed
1337 2320 1483 2365 persone
1496 2320 1564 2369 da-

73 2379 158 2417 ¹tum
169 2396 178 2409 ‚
204 2370 343 2415 ideoque
366 2384 441 2407 curn
458 2373 594 2417 persona
608 2372 766 2417 extingui
779 2372 899 2406 debere
912 2396 923 2410 ‚
947 2382 1023 2417 qua:
1035 2370 1122 2412 Juris
1139 2369 1186 2404 est
1197 2367 1363 2402 distinctio
1378 2364 1562 2400 =subst1tu-

90 2428 165 2452 rum
181 2414 275 2451 suiss'e
291 2420 495 2455 sodalitium
510 2420 585 2456 casu
599 2431 669 2466 quo
687 2417 712 2451 Ἰ
725 2418 840 2453 homas
856 2419 1010 2453 Sacerdos
1025 2429 1090 2453 non
1109 2416 1188 2451 esset
1202 2442 1212 2455 ,
1236 2412 1480 2465 decedentibus
1490 2411 1563 2446 Ca-

90 2465 164 2501 rolo
179 2490 188 2502 2
212 2466 243 2499 &
262 2464 334 2506 eius
365 2479 497 2506 matre;
522 2479 598 2502 cum
621 2467 677 2502 hic
702 2466 860 2501 Sacerdos
883 2463 984 2504 esset,
1008 2463 1190 2499 evanuisse
1213 2460 1479 2497 substitutionem
1494 2483 1505 2497 ,
1529 2459 1564 2494 ὅ(

87 2513 176 2547 bOssa
186 2511 295 2552 libere
312 2515 439 2554 veniss'e
459 2516 491 2550 in
508 2514 684 2549 ‘rhomam
701 2539 710 2552 ,
735 2514 814 2559 quia
832 2512 1024 2548 substitutio
1037 2510 1191 2546 Sodalitii
1210 2520 1276 2543 non
1291 2506 1357 2543 fuit
1367 2514 1564 2557 concepta...

89 2557 166 2606 post
183 2560 318 2601 obitum
332 2564 474 2598 Thomae
487 2562 677 2597 Sacerdotis
698 2572 709 2598 ;
731 2571 814 2594 onus
836 2557 900 2593 esse
925 2559 1105 2604 personale
1126 2557 1229 2592 facile
1249 2553 1404 2601 dignosci
1429 2564 1470 2587 ex
1495 2553 1565 2588 alio

90 2608 243 2652 Legam,
267 2612 299 2647 in
322 2619 388 2658 quo
409 2608 556 2654 expresse
579 2609 845 2655 perpetuitatem
861 2606 1034 2642 Sacrorum
1061 2605 1209 2642 adiecit;
1234 2602 1395 2638 discretus
1423 2609 1565 2652 autern·⁹

89 2654 304 2704 diversusque
322 2658 481 2706 loquendi
498 2656 619 2691 modus
635 2655 816 2701 plurimum
837 2653 965 2698 prodest
977 2654 1016 2688 ad
1031 2651 1350 2702 interpretationem
1375 2648 1567 2698 voluntatis

93 2700 325 2739 Testatos-um:
353 2705 482 2740 accedit
506 2703 701 2746 conjunffio
723 2700 893 2747 sanguinis
909 2725 918 2738 ‚
942 2712 1015 2746 quae
1040 2699 1188 2735 excludit
1216 2708 1326 2734 oneris
1343 2701 1562 2741 perpetuita-

87 2756 155 2782 tem
169 2775 179 2789 ,
203 2763 303 2799 quam
316 2765 335 2788 e
358 2761 474 2789 contra
487 2749 616 2786 ferebat
632 2749 820 2785 substitutio
831 2747 991 2785 sodalitii
1007 2746 1155 2785 extranei
1172 2774 1183 2788 ,
1209 2745 1299 2799 qud
1330 2744 1366 2779 in
1385 2740 1566 2822 cassigiguc-

1396 2800 1432 2823 ce
1501 2804 1522 2812 -

1587 144 1831 192 Sesr.23.c.124

1584 198 1622 233 de
1637 197 1708 244 Res}

1587 796 1739 841 sess.22.
1757 801 1830 833 coz.

1586 846 1623 881 de
1638 843 1710 892 ιω.

1589 1415 1671 1456 sess.
1687 1423 1744 1460 ις’,
1755 1427 1782 1452 c.
1794 1417 1839 1456 «Σ.

1588 1463 1712 1509 ‹iciss-
