1946 2961
365 70 407 99 24

53 153 127 204 seff.
140 165 197 192 22.
212 168 239 192 c.
252 165 285 199 9·
319 107 400 196 C
419 153 814 191 ASTELLANETEN
833 179 844 193 ,
871 154 965 195 cujus
982 152 1079 193 Vlll.
1096 151 1170 187 sunt
1183 151 1332 197 Capita.

54 202 90 236 de
106 205 174 252 Rcfi
322 203 352 243 1.
382 204 448 240 An
469 206 662 253 Ep1scopus
677 202 938 251 Castellanetae
949 201 1075 240 valeat
1090 203 1223 248 eligere
1238 226 1248 241 ‚
1263 199 1345 246 five
1359 201 1534 247 deputare
1550 204 1788 253 Defenstirem
1804 205 1851 242 ad

536 258 646 292 tenda
664 254 763 303 Jura
802 256 868 292 Pii
884 253 1030 290 Montis
1061 251 1279 304 Juvenozzi
1293 279 1304 295 ‚
1333 252 1452 299 dequo
1479 257 1604 301 agitur
1622 283 1633 299 ‚
1661 258 1696 294 8(
1726 266 1850 308 quate-

457 318 461 322 ’
527 318 596 342 nus
626 307 834 343 affirmative
853 334 862 343 .

331 357 383 396 ll.
412 359 478 399 An
492 361 605 397 eidem
620 358 817 406 Defensori
828 359 971 406 aliquod
985 359 1158 397 debeatur
1174 356 1355 403 fizlorium
1369 357 1386 393 ἓ

329 408 404 450 111.
434 411 498 451 An
519 410 638 457 aliquo
667 422 864 448 occurrente
895 410 1030 458 dtffidio
1051 409 1162 457 super
1186 409 1490 445 admittendorum
1515 411 1702 457 qualitate
1718 438 1728 453 ‚
1755 413 1851 451 illua¹

536 462 878 508 extrajudicialiter
900 461 996 507 ,sive
1015 464 1139 508 pocius
1165 459 1416 496 iudicialitate
1442 462 1570 498 dirimi
1597 465 1728 501 debeat
1743 468 1759 501 Ξ
1803 465 1848 503 Et

535 522 711 561 quatenus
728 513 939 550 affirmative
953 511 1072 562 quoad
1087 512 1238 560 primam
1255 521 1392 557 partem
1412 541 1420 554 ,

326 569 400 609 1V.
428 568 489 603 An
503 565 726 603 attendendo
735 562 788 608 fit
804 566 975 612 resolutio
993 566 1138 601 maioris
1146 565 1271 612 partis
1283 564 1602 611 Exequutorum‚&
1613 569 1702 614 quid
1719 571 1761 604 in
1772 579 1842 617 pa·
1861 609 1866 614 ‚

536 621 654 655 ritate
661 617 918 664 suffragiorum
933 619 949 657 ἒ
1866 657 1869 661 ,

321 671 381 711 .V.
411 671 476 710 An
494 669 666 718 Epist-opo
688 667 990 716 1'ndtstribut1'one
1006 695 1017 712 ,
1038 669 1107 716 stu
1133 668 1402 706 adiudicatione
1420 667 1662 717 fubfidiorum
1690 675 1850 708 extrm'w

534 721 726 759 dicialiter
739 744 750 760 ‚
777 720 837 758 vel
852 721 1081 757 iudicialiter
1089 719 1304 770 'procedente
1317 747 1328 763 ‚
1356 722 1479 769 aliqua
1493 721 1562 769 ipsi
1573 748 1583 764 ‚
1597 721 1679 767 five
1694 723 1849 760 eiusMi.

530 772 657 820 m'stris
679 774 877 809 debeantur
892 771 1124 807 emolumento
1139 798 1149 814 ‚
1179 772 1218 813 ω’
1233 782 1306 818 qua:
1318 776 1358 807 in
1373 773 1455 818 casu
1473 770 1542 812 &cu

323 823 395 872 ‚VL
427 825 494 860 An
513 825 691 873 schedula
715 823 985 872 distributionis
993 820 1228 871 subsidiorum
1245 824 1503 871 subscribenda
1520 822 1575 868 sit
1610 839 1631 862 a
1650 827 1728 873 solo
1757 825 1843 873 Epi-

526 877 630 927 scopo
646 902 657 916 ,
687 876 748 912 vel
762 881 807 912 ab
820 874 908 910 aliis
923 875 1234 923 Exequutoribus?

327 929 413 968 VH.
445 927 504 966 An
525 926 626 977 gesta
654 937 720 975 per
749 927 1052 963 Archidiaconum
1067 927 1315 976 Sebastianum
1342 928 1527 975 Patrone,
1564 922 1862 974 Thesourarium'

322 976 326 980 ”
530 978 789 1024 Hieronymum
809 978 963 1024 Plagese
978 1005 989 1020 ,
1019 976 1059 1017 &¹
1072 978 1265 1021 Cantorem
1281 979 1474 1016 IVicolaum
1497 980 1584 1016 Tria
1606 983 1663 1024 ass.
1688 980 1850 1028 Exequu-

530 1042 624 1071 tores
644 1032 710 1068 Pii
728 1030 872 1073 Montis
889 1028 969 1074 sint
989 1029 1088 1065 nulla
1103 1036 1142 1069 in
1156 1031 1238 1077 cafic
1250 1028 1322 1069 dfe.
1335 1031 1375 1065 ἃ
1393 1040 1571 1078 quatenus
1585 1032 1794 1073 affirmative
1809 1060 1820 1072 .
1843 1071 1851 1076 ,

326 1086 430 1127 VIII.
456 1085 517 1122 An
547 1082 657 1122 iidem
682 1082 881 1124 inciderint
897 1079 1136 1127 incensoriis
1152 1109 1163 1125 ,
1193 1081 1256 1119 vel
1271 1083 1308 1119 in
1319 1081 1544 1135 olias-poenas
1558 1084 1598 1118 in
1614 1084 1697 1136 casu
1716 1084 1790 1127 &a
1827 1100 1832 1105 ·
1864 1081 1867 1086 ’

495 1197 680 1252 Dilata
701 1196 768 1247 ad
788 1196 1090 1266 sequentem
1113 1239 1124 1251 .

46 1310 122 1358 Seff.
137 1322 196 1350 22.
208 1316 240 1353 ‘c-
258 1318 291 1356 6.
415 1329 596 1366 UCANA
619 1328 1060 1365 COMMUTATIONIS
1083 1329 1435 1366 VOLUNTATIS:
1462 1328 1609 1370 Censum
1622 1355 1632 1369 ,
1645 1322 1835 1378 lejusun,

46 1361 84 1397 de
97 1361 168 1407 Rff'f·
427 1388 553 1412 annuos
574 1377 727 1412 redditus
742 1403 752 1417 ‚
778 1389 863 1423 quos
882 1379 923 1412 ab
941 1376 1086 1412 Ecclesia
1102 1379 1136 1413 S.
1152 1378 1333 1414 Michaelis
1347 1378 1514 1413 debitrice
1536 1379 1718 1424 quotannis
1747 1390 1844 1425 per-

364 1424 511 1469 cipiebat
527 1425 683 1459 Sacerdos
700 1424 862 1471 Aloyfius
880 1424 1017 1458 ssalbani
1033 1426 1164 1472 legavit
1177 1426 1342 1461 Sodalitio
1355 1451 1365 1464 ‚
1388 1423 1479 1470 quod
1496 1423 1590 1461 Lucae
1604 1424 1651 1461 est
1665 1425 1769 1459 titulo
1787 1426 1844 1461 SS-

365 1471 580 1517 Angelorum
594 1471 786 1506 Custodum
800 1499 810 1512 ,
834 1472 930 1514 cujus
945 1471 1013 1516 ipse
1031 1472 1135 1509 fuerat
1150 1473 1516 1520 Direc‘lorspiritualis
1533 1473 1597 1519 lJoc
1608 1483 1713 1506 onere
1738 1473 1841 1514 adie-

366 1521 418 1553 ἑὶο
438 1519 515 1553 huic
530 1520 640 1565 legato
656 1545 666 1558 ,
691 1527 793 1564 atque
811 1519 873 1554 hac
893 1518 972 1553 data
996 1519 1234 1555 substitutione
1255 1546 1278 1560 ‚‚
1303 1531 1368 1554 con
1389 1518 1508 1564 obligo
1536 1519 1604 1553 alla
1621 1518 1838 1555 medefima„

320 1590 345 1606 ,,
370 1565 410 1599 ed
443 1566 510 1611 agl’
525 1567 712 1612 Aggregati
726 1591 736 1605 ,
760 1578 778 1600 e
793 1566 959 1612 Deputati
972 1566 1007 1601 di
1024 1566 1088 1601 effa
1101 1570 1132 1602 d'
1146 1567 1328 1613 impiegare
1346 1569 1355 1602 i
1375 1564 1468 1601 frutti
1482 1566 1588 1601 annui
1613 1566 1667 1600 del
1693 1565 1845 1600 medes}-

318 1638 343 1656 ‚‚
369 1624 423 1648 mo
439 1612 550 1649 censo
566 1614 655 1649 nella
670 1612 799 1648 Mufica
811 1641 822 1653 ,
847 1616 907 1649 che
924 1616 963 1648 da
976 1612 1038 1649 effa
1056 1613 1125 1649 suol
1148 1614 1224 1649 farsi
1239 1615 1306 1655 fare
1322 1615 1344 1648 l’
1359 1613 1459 1648 estate
1479 1613 1571 1648 nelle
1598 1613 1653 1648 sue
1668 1612 1844 1649 radunan-

318 1686 345 1702 „
370 1670 409 1694 ze
425 1661 505 1695 dell’
522 1662 612 1696 Orto
634 1687 659 1702 ,‚
685 1660 1007 1703 Conveniuntenim
1022 1660 1156 1696 sodales
1173 1662 1209 1696 in
1224 1661 1432 1696 viridarium
1445 1662 1609 1707 quoddam
1623 1659 1739 1696 aestivo
1751 1670 1841 1696 tem—

319 1733 347 1747 „
373 1719 453 1752 pore
475 1709 540 1755 piis
554 1709 692 1754 agendis
721 1710 874 1755 operibus
888 1735 910 1748 ‚,
940 1707 965 1742 E
991 1708 1021 1742 se
1043 1710 1073 1742 la
1085 1710 1114 1743 d.
1131 1708 1418 1755 Congregazione
1443 1720 1510 1743 non
1525 1706 1647 1743 voleffe
1670 1718 1838 1743 accettare

318 1780 344 1794 „
371 1755 396 1790 il
427 1756 587 1800 predetto
602 1756 742 1801 Megato
757 1783 766 1795 ,
792 1770 809 1792 e
827 1757 1032 1791 accetxatolo
1046 1756 1129 1802 poi,
1149 1768 1213 1791 non
1229 1754 1420 1801 impiegasse
1444 1755 1469 1789 il
1490 1759 1597 1791 trutto
1624 1755 1658 1789 di
1684 1756 1714 1791 d.
1729 1754 1843 1790 Censo

316 1827 346 1842 2,
373 1802 461 1836 nella
477 1802 593 1839 Lufica
617 1803 764 1839 suddetta
779 1804 842 1839 διε.
861 1802 896 1837 in
910 1803 956 1838 tal
972 1802 1046 1837 caso
1062 1804 1086 1837 il
1100 1803 1281 1838 medefimo
1292 1802 1400 1837 Censo
1417 1801 1517 1837 lascio
1530 1829 1539 1842 ,
1566 1810 1585 1836 e
1599 1802 1700 1838 lalcia
1717 1828 1727 1841 ‚
1754 1815 1772 1836 e
1804 1804 1839 1838 in

318 1874 343 1889 2,
366 1850 483 1896 quello
495 1851 612 1885 ordina
628 1877 638 1890 ,
667 1862 685 1884 e
712 1851 812 1885 vuole
827 1878 836 1890 ,
861 1851 925 1884 che
945 1850 1085 1885 succeda
1109 1851 1140 1885 la
1168 1849 1256 1885 Ven.
1273 1849 1485 1896 Compagnia
1510 1849 1550 1883 de
1567 1848 1638 1885 RR
1659 1850 1773 1886 >Preti
1797 1848 1836 1886 di

319 1921 344 1936 2,
371 1897 462 1931 Luca
485 1898 569 1933 coll’
583 1898 696 1943 obligo
711 1897 746 1931 di
762 1898 870 1932 dover
887 1896 958 1932 fare
981 1897 1220 1932 annualmente
1242 1909 1288 1932 un
1303 1896 1555 1932 Annivm-sario
1573 1898 1605 1930 in
1626 1898 1679 1931 dze
1701 1896 1837 1942 depoli-

320 1968 343 1981 ,‚
368 1943 473 1979 tionis
489 1971 498 1984 ,
518 1957 541 1980 ο
555 1945 643 1979 altro
657 1945 778 1990 giorno
798 1957 816 1978 a
832 1947 948 1991 quello
964 1943 1114 1990 proffimo
1130 1955 1197 1979 non
1212 1944 1378 1991 impedito
1393 1955 1452 1991 per
1464 1941 1623 1991 suffragio
1647 1944 1735 1979 dell’
1747 1944 1831 1979 ani-

318 2011 343 2028 a,
368 2001 420 2024 ma
437 1991 468 2027 di
482 1991 548 2027 effo
562 1992 632 2039 Sig.
647 1992 822 2029 ‘sestatore
832 1994 895 2027 &c.
1614 2008 1617 2011 ⁴

260 2045 265 2048 “
317 2037 473 2082 Agnovit
487 2039 656 2086 Legatum
667 2040 729 2074 hoc
743 2066 751 2077 ,
777 2041 808 2075 &
823 2041 966 2075 redditus
980 2052 1106 2076 annuos
1125 2042 1157 2075 in
1173 2040 1338 2078 Muficam
1351 2039 1521 2076 convertit
1532 2036 1736 2074 sodalitium
1753 2051 1763 2077 ;
1785 2041 1834 2074 At

365 2096 455 2121 nunc
470 2087 628 2128 Viridarij
654 2087 821 2122 Dominus
835 2087 1003 2122 recusavit
1021 2087 1114 2123 usum
1128 2089 1221 2125 illius
1237 2089 1423 2124 Sodalibus
1451 2086 1649 2133 permittere
1668 2099 1678 2124 ·,
1703 2086 1834 2122 Cum,

365 2143 448 2166 vero
461 2134 554 2168 aliud
573 2145 640 2168 non
652 2134 799 2170 habeant
812 2134 952 2169 Sodales
967 2145 1080 2178 aptum
1094 2136 1315 2183 hisoperibus
1339 2136 1402 2180 piis
1421 2162 1430 2175 ‚
1458 2136 1578 2169 Preces
1597 2133 1828 2169 Sacratiffi-,rno

364 2178 515 2223 Principi
542 2180 653 2216 nostro
677 2183 873 2216 obtulerunt
887 2207 895 2220 ‚
922 2181 1039 2229 quibus
1065 2184 1280 2228 postulabant
1303 2183 1609 2219 commutationem
1637 2180 1833 2216 voluntatis

365 2225 529 2261 Defunffi
544 2253 553 2266 ,
574 2228 605 2261 &
621 2227 816 2263 facultatem
830 2227 1034 2275 subrogandi
1049 2230 1193 2266 redditus
1209 2230 1337 2265 Census
1353 2230 1479 2276 legati,
1501 2230 1559 2275 qui
1586 2228 1621 2262 in
1638 2227 1830 2263 mancam..

364 2284 549 2319 erogantur
563 2298 573 2311 ‚
590 2274 624 2308 in
641 2275 802 2320 impensas
815 2277 1097 2312 exercitationum
1111 2302 1121 2316 ,
1145 2289 1225 2324 quas
1238 2279 1393 2322 hyberno
1407 2287 1553 2322 tempore
1565 2301 1575 2315 ‚
1597 2275 1684 2309 festis
1697 2275 1829 2316 diebus,

365 2331 478 2366 prima
492 2346 503 2360 ,
527 2319 732 2366 secundaque
748 2323 851 2357 nonis
866 2323 946 2357 hora
960 2323 1066 2360 facere
1078 2324 1186 2361 solent
1201 2351 1210 2364 ‚
1238 2326 1269 2359 &
1292 2325 1335 2360 ad
1350 2324 1557 2373 implendam
1571 2321 1743 2357 Testantis
1760 2332 1834 2355 vo-
1861 2366 1864 2369 v

366 2368 532 2402 luntatem
546 2393 556 2406 ,
581 2367 637 2411 qui
655 2367 689 2401 in
702 2369 936 2405 substitutione
948 2373 1023 2405 data
1036 2372 1069 2405 in
1083 2371 1160 2406 casu
1173 2398 1181 2410 ,
1193 2383 1261 2417 quo
1279 2372 1430 2406 redditus
1445 2369 1578 2406 Census
1604 2369 1640 2404 in
1669 2367 1829 2403 muficam

364 2426 432 2449 non
457 2424 760 2456 converterentur,
787 2417 1070 2453 Anniversarium
1092 2419 1145 2464 agi
1165 2418 1253 2460 juflit
1275 2446 1284 2458 ,
1307 2419 1510 2454 obtulerunt
1536 2418 1618 2452 bina
1645 2415 1833 2461 quotannis

362 2463 462 2496 Sacra
473 2473 571 2506 agere
586 2473 644 2506 pro
657 2463 848 2507 expiatione
863 2465 995 2498 Animia:
1008 2464 1196 2499 Testatoris
1221 2489 1230 2498 .
1259 2466 1352 2500 Data
1376 2465 1471 2504 huius
1497 2463 1729 2511 postulationis
1762 2474 1830 2505 co·-

363 2507 521 2552 gnitione
535 2510 633 2543 Sacro
647 2509 726 2544 huic
741 2509 921 2544 Tribunali
935 2536 945 2549 ,
969 2510 1102 2546 auditus
1117 2510 1180 2546 fuit
1197 2511 1482 2559 Archiepiscopus
1499 2537 1508 2550 ‚
1533 2513 1563 2546 &
1577 2520 1670 2544 nunc
1683 2509 1827 2554 Causa...

365 2555 570 2604 proponitur
580 2583 589 2595 ,
605 2556 688 2590 dato
702 2567 831 2591 tantum
845 2556 963 2592 libello
975 2559 1135 2599 Juriuma
1145 2558 1321 2594 Sodalibus
1334 2559 1391 2596 SS.
1408 2558 1624 2608 Angelorum
1639 2556 1830 2595 Custodum

363 2611 430 2645 quo
443 2600 612 2645 disputant
624 2604 879 2639 commutationi
893 2603 1005 2639 locum
1014 2604 1076 2640 effe
1091 2633 1100 2646 ‚
1128 2617 1194 2641 non
1208 2606 1434 2642 substitutioni
1449 2631 1460 2644 ‚
1485 2610 1561 2638 cum
1577 2615 1643 2638 non
1660 2605 1830 2650 propria-2

362 2647 466 2692 culpa
481 2673 490 2686 ‚
503 2648 555 2699 sed
572 2650 714 2685 alterius
735 2651 822 2685 fano
840 2652 1031 2698 intercepta
1045 2653 1083 2688 fit
1098 2654 1252 2699 erogatio
1264 2653 1440 2688 redditum
1452 2650 1582 2686 Census
1597 2651 1632 2687 in
1648 2652 1828 2688 musicam;

358 2693 544 2733 Praesemm
556 2721 566 2736 ,
592 2697 680 2743 quod
696 2701 764 2734 hec
780 2709 849 2733 non
865 2702 1087 2739 commutatio
1115 2700 1152 2737 fit
1168 2699 1358 2737 voluntatis
1375 2724 1386 2741 ‚
1412 2697 1465 2734 sed
1481 2701 1595 2735 modus
1610 2700 1724 2749 aptior
1742 2726 1752 2739 ,
1766 2707 1833 2742 quo

1696 2770 1777 2798 exe-
