1874 2961
312 125 1148 182 RESOLUTIONUM.

326 243 392 305 D

94 361 223 389 Ecretum
234 353 308 394 quod
317 353 402 385 nimia
411 353 507 383 duetus
519 353 701 385 sacerdotum

27 368 90 428 D
103 394 259 427 deficientia
267 390 414 430 Episcopus
428 394 587 424 Sanctonius
599 394 702 423 fecerat

98 439 126 466 in
138 430 387 464 SacraVisitatione
395 432 456 461 anni
467 440 542 467 1⁶¹9·
558 443 605 472 pro
616 433 700 461 unio·

98 486 132 505 ne
143 473 219 505 Cleri
230 471 327 503 ‘retra
338 473 496 501 Canierotae
508 492 518 505 ‚
531 471 679 502 Gubernio
688 489 700 503 ,

98 517 127 544 δι
148 511 271 544 Servitia
293 509 377 542 trium
402 510 581 543 Eccleiiaruin
597 512 698 539 l’arro-

95 552 226 585 chialium
235 572 246 586 ,
258 558 409 587 earumque
420 550 574 581 animarum
585 558 650 581 cura
661 548 698 577 ad

95 593 184 627 solum
207 588 487 628 Archipresbyteruin
527 589 696 619 Curatum.»

96 630 215 669 ejusdem
231 631 329 660 Terrae
351 628 513 665 praeservata
524 646 535 662 ‚
556 628 697 658 substinuit

98 671 126 703 in
144 669 318 703 Policastren·
341 668 452 702 jurium
476 667 695 699 Parrochialium

100 720 148 746 ²9·
159 707 225 739 Maii
240 716 269 744 p.
284 715 332 742 3⁴·
348 707 383 736 ad
394 708 418 736 1·
432 705 498 736 dub.

60 743 283 790 presbyterisque
293 744 391 783 quibus
405 755 458 783 pro
468 743 638 776 observantia
652 744 697 774 di-

99 789 134 820 di
144 787 247 816 decreti
266 784 404 814 committi
415 783 484 814 solet
495 785 617 817 custodia
629 784 699 813 dua-

98 837 158 858 rum
172 823 354 857 Ecclesiarum
375 824 407 853 iis
428 825 506 854 annis
516 844 528 857 ‚
549 825 648 863 quibus
670 824 699 851 in

97 863 197 896 eisdem
211 873 266 893 non
276 862 450 893 celebrantur
469 863 562 894 divina
583 862 675 893 officia
688 881 699 894 ³

96 912 146 934 nec
157 902 333 932 Sacramenta
351 901 570 933 administrantur
582 924 593 937 ‚
606 902 700 941 prohi-

96 942 186 973 bitum
201 939 251 971 fuit
265 940 292 970 sc
314 941 487 971 denominari
496 963 507 976 ,
530 951 563 972 ae
573 940 700 971 subscribi

97 980 246 1017 Patoclios,
260 988 292 1011 ac
304 979 392 1011 inillis
407 982 498 1010 munia
516 980 701 1010 Patrocliialia

99 1020 201 1060 absque
213 1018 335 1055 licentia,
354 1021 382 1049 Sc
393 1019 523 1049 consensu
540 1017 702 1055 Archipres·

99 1058 351 1097 byteriexercere,
371 1058 468 1089 stolam
486 1060 513 1088 in
524 1058 700 1098 proceffioni-

98 1099 150 1128 bus
178 1095 282 1127 deferre
303 1120 313 1134 ‚
340 1106 372 1127 ac
393 1097 602 1135 praecedentiam
623 1097 702 1136 supra

101 1145 208 1168 ceteros
219 1137 395 1175 presbyteros
405 1137 573 1176 antiquiores
585 1148 701 1177 praeten-

99 1178 166 1208 dete
179 1175 247 1204 ibid.
258 1177 286 1206 in
297 1177 338 1206 11.
353 1178 381 1205 δι
393 1177 438 1206 ΠΙ
461 1177 525 1206 dub.
684 1192 687 1193 ⁷

27 1214 146 1250 Decreta
159 1213 284 1254 Episcopi
295 1214 433 1246 Auriensis
445 1216 499 1246 lata
511 1216 637 1248 adversus
646 1226 703 1247 tres

101 1254 283 1290 Presbyteros
303 1253 444 1286 ordinatos
465 1265 529 1285 cum
553 1257 647 1287 litteris
659 1257 703 1286 di-

99 1292 226 1323 mifforiis
242 1293 342 1324 Vicatii
365 1294 549 1324 Commendae
572 1296 706 1326 Hieroso·

99 1332 244 1374 lymitanae
255 1330 289 1362 de
298 1333 404 1363 Pazzos
413 1343 446 1362 an
457 1331 633 1364 [abstinerent
641 1344 706 1364 cum

103 1370 298 1410 exposceretur
311 1372 388 1401 Sacr-
401 1374 510 1409 Congr-
531 1373 662 1412 rescripsit
672 1374 708 1404 ad

103 1419 228 1441 mentem
241 1419 251 1447 3
264 1412 290 1439 &
303 1420 379 1440 mens
390 1410 453 1443 fuit,
463 1413 541 1449 quod
550 1413 620 1443 tales
632 1414 709 1442 Pres-

97 1449 190 1488 byteri
209 1448 368 1479 exhiberent
401 1449 512 1488 seorsim
535 1451 632 1482 titulos
648 1469 658 1484 2
678 1453 708 1480 δε

101 1489 271 1518 documenta
283 1487 333 1519 suae
345 1488 526 1521 ordinationis
540 1500 632 1521 coram
645 1493 707 1521 Or-

104 1527 213 1557 dinatio
227 1543 239 1557 ,
267 1527 315 1564 qui
334 1527 498 1567 procederet
508 1539 591 1567 prout
605 1531 638 1559 de
652 1530 711 1563 iure

82 1570 88 1576 ·
105 1567 140 1596 ad
160 1564 376 1596 declarationem
396 1566 425 1596 iii
450 1569 565 1600 Aurien.
586 1568 711 1600 Ordina-

103 1605 213 1635 tionum
229 1608 257 1633 8.
273 1606 339 1636 Maii
350 1614 478 1643 pag-25.

30 1642 204 1678 Deliberatio
220 1643 279 1674 assis
293 1644 458 1674 haereditatii
469 1646 568 1676 Caroli
580 1647 710 1678 Mariotti

109 1683 262 1723 Testatoris
271 1700 282 1716 ,
303 1693 386 1718 quam
400 1683 437 1712 sui
450 1683 547 1716 favore
558 1687 598 1715 uti
612 1687 709 1717 melior

105 1721 228 1752 licitator
242 1721 397 1755 faciendam
414 1725 602 1761 praetendebat
621 1727 710 1756 Bene—

107 1761 194 1791 ditius
211 1760 319 1791 Gallius
332 1778 342 1795 ‚
368 1761 489 1792 concessa
510 1763 564 1796 fuit
578 1764 713 1801 Capitulu

109 1799 287 1831 cathedralis
299 1801 416 1839 Cinguli
426 1801 534 1834 haerede
545 1804 601 1839 iam
611 1803 708 1834 substi-

104 1847 170 1869 tuto
179 1859 191 1873 ,
205 1840 276 1871 facita
286 1848 379 1870 tamen
394 1850 442 1877 pet
455 1841 544 1880 ipsum
556 1842 709 1882 obligatio-

105 1880 134 1908 ni
154 1881 235 1910 Sacra
267 1876 425 1910 celebrandi
454 1883 531 1916 juxta
562 1892 710 1913 numerum

105 1917 335 1956 praescribendum
361 1919 396 1948 ab
410 1919 541 1960 Episcopo
553 1931 606 1960 pro
618 1931 715 1953 rata-0

106 1956 267 1986 reddituum
301 1958 566 1996 corrispondentium
605 1961 713 2001 capitali

106 1994 208 2025 oblato
221 2005 238 2025 a
248 1995 346 2026 Gallio
356 1996 391 2027 ad
405 1998 545 2029 rationem
557 2000 640 2030 trium
650 1999 712 2030 scu-

106 2042 201 2064 torum
221 2043 272 2073 pro
286 2036 446 2067 centenario
457 2065 469 2076 ,
492 2041 520 2068 Sc
531 2037 711 2081 eleemosynae

106 2082 245 2111 perpetuat
258 2093 269 2108 ‚
282 2072 386 2120 ‘absque
401 2076 456 2119 'spe
483 2078 645 2123 redufflqms
672 2089 711 2109 eir

106 2111 188 2142 causa
199 2112 419 2143 deteriorationis
430 2118 569 2149 bonorum
581 2138 591 2155 ‚
600 2128 628 2146 in
638 2119 711 2147 Cin-

107 2151 207 2189 gulana
226 2150 395 2181 Praelationis
418 2163 470 2191 29.
491 2156 559 2185 Maii
578 2165 642 2197 pag.
671 2166 722 2193 1²·-

106 2200 170 2220 cuin
184 2190 243 2228 seq.

31 2228 180 2261 Detra&io
200 2228 325 2260 Falcidiae
349 2241 385 2261 ex
404 2232 484 2263 bonis
518 2234 695 2264 haereditariis
706 2252 719 2268 2

109 2268 251 2308 quondam
259 2270 369 2308 josephi
380 2273 466 2302 Leoni
481 2294 492 2309 ,
509 2273 599 2304 veluti
610 2272 719 2302 incom-

109 2316 203 2347 petens
217 2328 229 2342 ,
251 2311 278 2338 δι
288 2309 424 2344 indebita,
439 2311 574 2349 denegata
589 2310 642 2341 fuit
664 2315 718 2342 Ec-

106 2346 196 2377 ·clesiae
209 2348 483 2388 Archipresbyterali
498 2350 526 2378 S.
536 2352 611 2381 Petri
620 2352 649 2381 in
660 2352 719 2381 ca·

111 2386 167 2415 stro
185 2386 349 2417 Praeneiiino
373 2389 401 2419 in
424 2390 583 2420 Praenesti'na
609 2390 720 2420 Funda-

106 2423 195 2453 rionis
214 2426 342 2458 Beneficii
365 2439 395 2466 4.
418 2428 580 2460 Decembris
598 2439 657 2469 pag⁴
670 2439 721 2464 79·

115 2463 151 2494 ad
166 2465 191 2494 Ι.
204 2465 271 2496 dub.

76 2501 181 2545 Quoad
195 2505 428 2545 antem'legatum
441 2506 585 2539 scutorum
596 2517 717 2547 eoo-per

115 2540 216 2572 ὀιᾶιιηι
228 2545 400 2576 Testatorem
415 2547 544 2577 relietum
564 2546 643 2578 Rosae
669 2546 713 2576 del

115 2581 200 2611 Letto
217 2583 246 2612 ἃ
263 2593 312 2622 per
332 2584 410 2624 ipsius
420 2587 530 2616 obitum
550 2584 716 2616 caducarum

115 2619 276 2657 responsum
284 2621 336 2654 fuit
347 2634 403 2655 non
414 2625 508 2656 deberi
518 2624 652 2664 praedistae
662 2627 711 2655 Ee.

116 2659 200 2688 cleiiae
211 2681 221 2694 ,
233 2660 280 2692 sed
293 2663 383 2699 potius
394 2665 548 2696 accrescere
558 2664 656 2695 dotem
667 2665 713 2693 be-

115 2696 203 2728 neflcii
215 2699 242 2729 ¹'n
262 2701 359 2735 eadem
370 2704 491 2737 Ecclesia
503 2704 626 2745 erigendi
642 2703 715 2739 Ibid-

113 2736 149 2766 ad
170 2739 210 2774 Π.
230 2740 297 2769 dub.

148 2777 223 2811 Tom-
228 2779 274 2810 XI
275 2783 310 2812 V·

1367 149 1432 199 99

743 195 969 227 Dismembratio
982 194 1161 226 Parrochialis
1176 196 1298 226 Ecclesiae
1311 197 1340 227 S.
1352 202 1431 231 Mar.

820 236 869 266 tini
896 235 950 265 loci
963 235 1120 266 Birontini.
1145 235 1172 262 8<
1197 236 1344 273 respective
1370 249 1434 269 cre-

820 276 874 305 ἃίο
900 274 1023 304 Ecclefiae
1041 274 1157 313 Spiritus
1170 275 1255 303 §antii
1280 277 1306 305 in
1329 287 1434 307 novam

818 313 1022 345 Patroclualem
1032 312 1136 353 pluries
1151 315 1284 352 superiori
1297 326 1372 345 anno
1384 317 1434 346 de-

819 362 936 392 negata,
959 363 1023 383 cum
1049 352 1142 382 denuo
1164 362 1360 391 expeteretur,
1389 366 1434 385 re-

818 393 946 431 sponsum
961 393 1014 423 fiiir
1031 394 1058 423 in
1070 392 1164 425 decisis
1177 411 1187 426 ,
1208 394 1234 422 δ(
1246 392 1434 432 deputandum

819 434 872 462 esse
887 431 1012 464 Ecclesiae
1028 433 1151 472 Ripariae
1162 431 1365 471 Cappellanum
1380 445 1433 464 no.

819 472 979 502 minandum
1001 482 1017 500 a
1039 471 1187 510 Praeposito
1199 471 1321 501 eccleiiae
1339 473 1433 503 Biren.

818 512 901 545 tinae,
921 509 1192 550 approbandumque
1217 509 1251 540 ab
1274 512 1433 551 Episcopo,

816 559 905 588 neque
924 549 1112 580 amovendum
1133 568 1143 583 ,
1177 550 1225 579 nisi
1257 550 1290 580 de
1319 552 1432 581 licentia.

814 588 956 626 ejusdem,
978 587 1130 627 sumptibus
1153 599 1247 619 autem
1272 590 1433 630 Praeposui,

813 628 842 657 δι
865 638 928 658 cum
952 627 1085 659 facultate
1106 627 1313 660 administrandi
1333 631 1436 661 Sacra-

813 676 908 697 menta
934 671 945 702 (
966 670 1086 707 exceptis
1101 667 1268 706 Baptismate
1279 678 1359 698 extra
1381 678 1435 698 ca-

813 707 1071 740 sumiieceffitatis,
1095 710 1123 737 &
1149 707 1356 742 matrimonio)
1382 707 1436 738 sal-

816 747 857 775 vis
874 747 986 780 Iuribus
1008 745 1232 777 Parrochialibus
1257 747 1285 776 in
1311 747 1436 778 Comen.

817 784 1067 853 g‘ismembratioiiis
1087 796 1119 823 7,
1140 786 1261 826 August.
1290 796 1356 826 pag.
1387 795 1435 823 50·

877 833 926 857 ςι.

739 867 824 905 Super
851 863 1057 902 Dispensatione
1087 865 1121 893 ab
1163 863 1368 902 irregularitate
1390 865 1435 894 i'n-

816 902 895 933 cursa
913 913 929 932 a
943 903 1061 934 Clerico
1069 904 1249 942 Hieronymo
1260 903 1424 935 Sintronich

818 944 882 976 alias
891 941 1027 973 Alvevich
1042 963 1051 978 ‚
1071 952 1155 982 quain
1178 942 1227 974 sub
1247 942 1292 974 die
1306 952 1350 973 iz.
1363 946 1432 976 Jan.

821 990 912 1018 ¹⁷34·
930 982 1013 1012 Sacra
1033 983 1152 1020 Congre„
1166 1001 1174 1011 .
1200 984 1255 1018 jam
1277 982 1435 1020 denegave-

819 1030 861 1051 rat
879 1038 892 1052 2
906 1020 1101 1050 consulendum
1120 1031 1135 1051 e
1157 1032 1172 1051 e
1196 1020 1365 1052 Sanffiffinio
1402 1029 1436 1050 to

817 1060 888 1089 illius
896 1059 1065 1089 concessione
1077 1060 1111 1089 ad
1130 1059 1287 1090 caurhelani
1303 1077 1316 1092 ‚
1339 1070 1369 1090 re
1381 1061 1436 1090 cri-

818 1097 930 1137 pserunt
951 1098 1159 1129 Eminenriffimi
1181 1100 1297 1136 Patres,
1322 1098 1351 1128 in
1363 1100 1435 1138 Spa·
1494 1122 1497 1124 -

818 1137 1127 1207 laten-sirregularitatis
1140 1141 1191 1170 28.
1202 1141 1277 1180 Aug.
1300 1147 1366 1177 pag.
1381 1147 1434 1176 54.

818 1187 883 1208 cum
912 1188 926 1207 e
950 1197 959 1207 ο

742 1186 954 1249 Βῑῆιίὴυιὶοηὲς
968 1216 1165 1253 quotidianas,
1193 1220 1251 1254 iam
1278 1224 1438 1247 maturatas

819 1256 924 1286 solvere
938 1256 1091 1290 injunaum
1118 1256 1171 1287 fuit
1189 1255 1352 1287 Primicetio
1367 1272 1380 1290 9
1406 1256 1438 1284 δε

823 1293 975 1324 Canonicis
985 1294 1124 1332 deputatis
1137 1294 1348 1326 EcclefiaeColle
1370 1296 1434 1324 iatae

824 1333 937 1364 Terlirii
950 1351 959 1367 ,
981 1343 1033 1363 una
1046 1343 1111 1365 cum
1127 1334 1189 1373 lege
1200 1344 1234 1363 ne
1246 1342 1334 1371 expen
1348 1344 1369 1362 :e
1388 1331 1437 1362 su-

826 1381 955 1404 turarum
975 1371 1068 1404 litium
1086 1372 1192 1404 detrahi
1211 1371 1317 1411 possent
1335 1382 1371 1402 ex
1392 1372 1439 1401 di-

824 1410 1030 1442 stributionibus
1047 1411 1215 1449 quotidianis
1233 1427 1249 1444 ‚.
1267 1410 1317 1442 sed
1326 1410 1377 1441 cist
1393 1420 1441 1440 re·

825 1450 994 1480 currendum
1017 1452 1046 1479 in
1061 1450 1162 1480 casibus
1183 1449 1396 1488 particularibus
1407 1451 1441 1480 iu

823 1491 987 1526 Juveziaceii,
1013 1489 1232 1520 distributionum
1252 1488 1434 1526 quotidiana—

827 1539 890 1599 2um
905 1531 1017 1599 ςξεΑρτέ
1025 1527 1194 1598 zizi-dlxii
1205 1535 1272 1568 pag.
1288 1537 1334 1562 19.
1345 1528 1373 1561 δε
1389 1537 1439 1566 30·

846 1580 895 1598 um
962 1588 969 1597 u
983 1580 998 1598 a
1173 1588 1183 1599 e

751 1607 918 1639 Dominium
932 1579 1173 1647 ‚qpertinentiaque
1189 1604 1332 1645 Cappellae
1343 1605 1440 1641 S-Egi·

827 1645 866 1676 dii
879 1646 934 1676 sitae
946 1648 972 1676 in
987 1645 1153 1677 parrochiali
1169 1643 1288 1676 Ecclesia
1301 1646 1329 1673 S.
1339 1644 1439 1680 Jacobi

825 1686 938 1720 maioris
949 1684 1046 1717 favore
1059 1684 1210 1723 Religioni>
1227 1682 1445 1722 Hierosolymi-

826 1734 896 1755 tanae
910 1724 1043 1764 denegata
1055 1724 1107 1754 fuit
1120 1735 1131 1757 ς
1151 1723 1280 1764 illiusque
1306 1730 1441 1752 tamen-a

826 1764 1065 1794 commendatori
1087 1781 1097 1797 ,
1118 1762 1227 1793 sublata
1248 1760 1441 1798 Iurisdi'stione

828 1802 894 1833 data
907 1801 960 1832 fuit
975 1801 1190 1841 independenter
1209 1813 1225 1831 a
1249 1799 1376 1830 Paroclio
1396 1798 1442 1827 fa-

825 1843 910 1874 cultas
921 1842 1062 1872 celebrare
1073 1839 1189 1870 faciendi
1203 1841 1232 1869 in
1246 1840 1343 1869 eadeni
1359 1839 1444 1876 Cap·-

828 1880 901 1921 pella
914 1877 1008 1910 Mifl‘as
1028 1901 1035 1912 ,
1056 1891 1089 1910 ac
1101 1878 1248 1919 peragendi
1267 1880 1293 1907 in
1304 1888 1338 1906 ea
1345 1887 1444 1908 omnes

829 1920 895 1950 alias
912 1918 1105 1951 Ecciesiasticas
1117 1917 1272 1948 fuiieiiones
1284 1917 1447 1947 Commen-

829 1959 870 1988 dae
883 1958 1094 1992 incumbentes,
1111 1956 1266 1987 dummodo
1277 1965 1370 1986 tamen
1385 1965 1442 1985 non

828 1996 1029 2068 {suffieit}
1041 1994 1448 2072 Jffliffiaizzfse‘esszzltf

789 2086 986 2154 Ρεὶοέῐέοξιῗὲ
996 2074 1145 2145 ἷῗξὲολεῗιξ
1161 2073 1449 2157 {ce{1.gli¹3ti2,.conceffa

835 2154 1008 2193 praeferentia
1026 2154 1056 2182 in
1077 2152 1265 2183 celebratione
1277 2151 1448 2181 dinatum..

835 2191 978 2223 Misl‘arum
1001 2193 1028 2221 Sc
1059 2189 1228 2222 fimdionum
1239 2209 1251 2226 ,
1272 2189 1338 2218 data
1358 2191 1450 2219 eriam

837 2232 970 2262 facultate
1007 2229 1245 2262 Reverendi‘ffinio
1287 2229 1452 2259 Placentino

834 2270 972 2310 Episcopo
1002 2268 1052 2299 suo
1076 2271 1136 2305 jure
1160 2267 1288 2299 visitandi
1323 2268 1453 2310 eamdem

833 2311 1000 2349 Cappellaui
1025 2309 1071 2338 seu
1092 2308 1192 2339 Altare
1211 2308 1241 2339 S·
1255 2306 1347 2346 Egidi'i
1381 2304 1455 2337 ibid.

837 2349 873 2382 ad
884 2349 942 2378 111.
958 2351 986 2378 &
1005 2350 1060 2379 1v.
1070 2345 1139 2380 dub.
1387 2351 1390 2353 ’

1070 2434 1126 2496 Ε

817 2505 959 2538 Cclefiam
969 2503 1141 2543 &Stephani
1161 2503 1218 2533 loci
1238 2501 1355 2541 segestri
1370 2501 1446 2531 Bru-

757 2516 809 2579 E
830 2542 965 2584 guatensis
978 2543 1111 2574 Dioecesis
1135 2539 1293 2579 responsum
1316 2541 1371 2572 fuit
1393 2538 1451 2584 effe

830 2586 979 2615 Plebanam
991 2602 1000 2618 ,
1022 2582 1070 2613 sed
1090 2589 1186 2611 tamen
1204 2581 1277 2611 illius
1299 2581 1415 2610 Retiori
1436 2598 1449 2612 ,

828 2624 904 2654 sicuti
916 2623 1017 2661 pariter
1030 2621 1086 2651 alio
1097 2623 1124 2650 S.
1137 2621 1234 2651 Mariae
1245 2618 1280 2650 de
1290 2619 1421 2653 Nazaret
1429 2616 1450 2648 li

829 2663 965 2702 denegata
994 2658 1047 2690 fuit
1076 2658 1179 2691 delatio
1203 2659 1339 2691 Rochetti
1382 2666 1450 2686 cum

787 2716 789 2719 ⁴
830 2712 916 2741 parva
927 2698 1105 2731 Mantelietta
1128 2697 1175 2728 seu
1195 2698 1324 2738 Cappino
1344 2699 1371 2728 in
1388 2696 1452 2725 fun-

831 2741 970 2773 &ionibus
998 2737 1193 2809 Ecclefifficis
1221 2737 1251 2769 in
1275 2738 1458 2804 Eraga-affin.

1154 2781 1170 2802 2
1430 2780 1462 2805 g.
