1874 2961
14 158 338 246 CASSANEN.
363 159 604 196 Cathedralem
633 157 813 194 Ecclefiam
842 157 1076 194 Cassanensem
1115 159 1304 197 Bonisacius
1335 126 1520 199 caietanis}
1552 163 1627 207 Seff-
1641 172 1777 212 24.c.4.

122 209 152 242 S.
167 207 214 242 R.
229 206 264 241 E.
279 205 476 241 Cardinalis
488 229 498 242 ‚
523 207 554 241 δι
568 205 713 249 ejusdem
728 204 876 241 Ecclesia:
893 206 917 240 Ε
949 206 1078 251 iscopus
1092 217 1279 243 numeravit
1293 221 1381 246 anno
1403 213 1518 252 1616„
1549 210 1587 244 ae
1604 215 1674 257 Rff.

60 266 137 290 cum
163 253 288 299 pridem
315 253 480 298 receptiva
504 252 591 294 esse,
614 253 893 288 &innumeram
919 219 1032 289 fiatuit
1060 254 1176 301 itaque
1198 255 1325 300 stiginti
1351 259 1519 294 Sacerdo-

61 297 132 338 ium
158 311 357 338 numerum,
381 312 529 345 quorum
557 308 700 349 quatuor
721 299 919 346 Dignitatcs
952 299 1053 337 effent
1079 328 1088 341 ,
1115 312 1257 348 quatuor
1282 303 1488 350 Cappellani
1508 332 1518 346 ,

61 346 236 383 duodecim
261 345 452 388 Canonici‚
481 356 577 384 extra
594 348 652 382 hos
668 346 701 381 in
729 347 956 388 consortium,
981 349 1015 384 ὃ(
1035 351 1224 385 communis
1242 349 1346 386 maffae
1374 353 1518 395 partici-

60 395 229 442 pationem
255 394 368 429 nullos
390 394 500 441 recipi
523 395 633 431 voluit
661 407 671 432 ;
699 393 830 430 Verum
852 396 975 431 addidit
997 421 1021 435 „
1045 407 1123 432 cuin
1145 396 1222 431 dicti
1251 396 1447 433 Sacerdotes
1474 399 1519 437 ad

14 470 39 487 „
62 442 253 490 praediCtum
283 452 460 477 numerum
484 440 684 489 praefinitum
715 442 836 477 reducti
862 440 984 480 fuerint
1006 468 1017 485 ,
1041 442 1180 480 fiunum
1206 444 1260 479 vel
1285 444 1396 490 plures
1433 449 1517 483 mori

11 517 36 533 υ
59 486 244 534 contigerit
263 514 273 527 ,
296 498 511 526 mortuorum
537 490 635 529 loco,
661 488 746 525 alius
763 515 773 528 ,
799 488 855 524 vel
882 491 942 527 alii
962 491 1150 527 Sacerdotes
1165 493 1378 537 expectantes
1403 490 1518 539 supra-

12 564 37 580 „
64 534 247 572 numerarii
265 561 274 577 ‚
299 536 356 581 qui
387 536 536 573 Ecclcliae
557 537 717 584 praedic'tae
736 537 772 571 in
788 536 970 573 minoribus
985 565 994 578 ,
1019 539 1052 573 8<
1074 538 1108 572 in
1133 539 1232 575 sacris
1253 539 1438 575 Ordinibus
1461 541 1516 575 in-

10 613 37 627 „
62 583 240 618 servierint
266 609 275 622 ,
303 594 339 617 ac
359 583 492 620 oriundi
519 585 666 627 ejusdem
690 583 852 618 Civitatis
882 585 1057 621 Caffanen.
1081 585 1257 622 extiterint
1280 613 1289 626 ,
1317 586 1350 621 d.
1368 587 1518 625 Ecclesiae

12 659 36 675 ‚,
59 629 259 666 Cathedrali
274 631 317 664 ab
343 631 533 668 Ordinatio
547 630 704 676 adscripti
731 630 878 671 suerint,
895 633 1018 680 quique
1044 633 1081 667 in
1096 633 1218 669 ordine
1244 633 1392 670 seniores
1421 635 1483 671 sint
1510 662 1520 677 ,

10 705 33 723 „
60 677 128 721 ipso
154 677 252 719 Jure,
278 677 411 724 ipsoque
433 678 520 714 fauo
542 678 740 714 admittatur
761 702 771 716 ‚
793 677 857 714 sive
880 680 1102 716 admittantur
1119 707 1129 720 ,
1157 681 1188 716 δι
1213 682 1417 727 recipiantur
1448 709 1470 724 ,‚

55 725 305 761 Consuetudinc
321 725 534 761 vetustissima
547 726 712 761 servatum
727 723 818 761 fuisse
844 727 968 763 dicitur
981 754 991 768 ‚
1016 737 1054 763 ut
1069 727 1104 761 hi
1125 729 1421 771 supranumerarli
1436 742 1518 765 non—

56 770 119 808 nisi
147 771 401 808 solemnioribus
424 772 539 809 diebus
563 771 666 809 Festis
680 771 820 817 primae,
846 774 878 810 δι
904 774 1050 812 secundae
1074 773 1193 810 Classis
1211 774 1383 812 servitium
1399 777 1520 813 Choro

58 817 246 865 praestarent
264 844 275 857 ,
298 819 329 854 ἀ
345 818 488 865 publicis
513 820 663 868 pompis,
687 818 742 854 seu
757 820 1027 857 Proceffionibus
1055 819 1225 856 adessent.
1253 822 1516 860 Vetustiffimum

57 868 147 901 hunc
164 877 294 902 morem
308 866 453 904 turbasse
467 879 570 914 nuper
588 878 662 903 eum
682 891 693 905 ,
712 868 768 913 qui
783 879 870 903 nunc
885 868 1036 905 Ecclefiae
1048 868 1099 904 illi
1123 868 1236 914 praeest
1248 895 1258 909 ,
1290 869 1493 917 Episcopum
1506 898 1516 911 ,

56 912 141 960 qui,
167 915 466 960 supranumerariis
479 926 539 949 nec
558 915 690 953 citatis,
717 926 781 950 nec
805 914 946 955 auditis,
968 915 1142 952 decretum
1158 917 1261 956 tulit,
1283 928 1353 962 quo
1367 929 1421 952 eos
1439 919 1518 954 adi·

56 969 138 1006 gere
160 961 272 996 voluit
301 962 341 995 ad
364 961 582 1006 praestandum
606 961 777 997 servitium
788 963 941 999 omnibus
965 963 1079 1000 diebus
1103 962 1227 1003 Pestis,
1254 965 1305 999 uti
1329 962 1520 1005 canonici,

56 1008 90 1042 &
121 1007 327 1055 Cappellani
352 1008 439 1044 illud
462 1009 615 1057 praestare
637 1017 817 1051 tenentur,
840 1010 987 1052 indicta,
1013 1011 1037 1046 fi
1052 1011 1145 1047 secus
1172 1009 1316 1047 facerent
1342 1039 1353 1054 ,
1376 1010 1516 1058 suspen-

55 1051 146 1089 sione
161 1067 179 1090 a
201 1053 345 1091 Divinis
365 1080 376 1091 .

8 1102 179 1138 Certiores
193 1105 233 1137 de
256 1103 324 1138 hoc
342 1103 496 1140 Decreto
511 1103 586 1140 facti
602 1104 880 1150 supranumerarii
893 1107 1105 1153 appellarunt
1116 1108 1154 1142 ad
1174 1106 1336 1141 &Sedem
1350 1132 1360 1146 ,
1385 1105 1522 1142 habita—

61 1159 127 1194 que
150 1150 385 1186 inhibitionem
399 1150 514 1197 vigore
536 1152 770 1199 appellationis
783 1165 801 1187 a
825 1152 1010 1190 Tribunali
1026 1156 1073 1190 Α.
1085 1154 1127 1188 C.
1143 1153 1342 1200 praesentata
1357 1152 1423 1189 fuit
1436 1153 1517 1190 Pro-

55 1196 186 1232 motori
213 1196 334 1232 Fiscali
351 1196 463 1233 Curiae
488 1198 718 1245 Episcopalis‚
742 1200 800 1246 qui
813 1212 885 1235 eam
896 1200 1049 1245 spernens
1064 1212 1130 1237 non
1154 1199 1286 1236 destitit
1302 1202 1345 1235 ab
1364 1201 1520 1236 examine

20 1270 23 1271 γ
55 1242 189 1279 testium
213 1244 470 1291 protestantibus
497 1247 536 1281 de
558 1246 718 1283 nullitate
735 1246 1036 1293 supranumerariis
1063 1262 1073 1288 ς
1099 1248 1154 1283 sed
1175 1247 1359 1284 Promotoi·
1382 1247 1522 1284 Fiscalis

53 1289 161 1327 surdis
185 1291 322 1327 auribus
348 1290 660 1339 supranumerarios
673 1294 710 1329 in
731 1295 787 1336 J'us
805 1295 943 1330 vocavit
965 1298 1007 1331 ad
1023 1297 1195 1333 dicendam
1215 1295 1348 1338 Causam
1373 1323 1381 1331 .
1414 1306 1521 1342 quare

47 1338 204 1387 fhspendi
227 1353 290 1376 non
317 1339 498 1379 deberent,
519 1345 562 1379 &⁷
578 1341 722 1388 suspensi
739 1341 912 1378 declarari
936 1356 942 1375 ε
969 1342 1113 1389 ideoque
1137 1341 1419 1386 supranumerarii
1446 1341 1515 1387 post

55 1396 162 1422 novas
185 1385 314 1422 emiffas
338 1387 594 1432 protestationes
614 1387 717 1424 satius
739 1387 909 1424 duxerunt
932 1389 1113 1437 specialem
1136 1387 1338 1424 citationem
1356 1388 1517 1435 rigorosae

53 1433 272 1480 purgationis
303 1442 551 1471 attentatorum
573 1446 687 1471 coram
714 1436 758 1470 A.
775 1434 817 1471 C.
840 1437 957 1475 Judice
971 1436 1079 1481 spreto
1093 1435 1200 1471 eidem
1226 1435 1418 1471 Promotori
1431 1447 1517 1483 prae·

54 1479 185 1516 semare
195 1509 205 1522 ,
231 1490 267 1516 at
281 1492 358 1516 curn
371 1491 414 1516 ne
429 1479 471 1516 sic
483 1481 622 1528 quidem
635 1481 787 1518 cohiberi
801 1482 1060 1530 potuerit'illius
1073 1482 1217 1530 impetus
1228 1506 1241 1523 ,
1252 1483 1290 1516 ad
1305 1482 1367 1517 hoc
1379 1483 1516 1519 Sacrum

52 1526 221 1564 Tribunal
247 1527 501 1573 confugerunt.
524 1529 643 1565 Paruit
658 1538 738 1565 tunc
759 1529 932 1566 Promotor
959 1529 1096 1565 Fiscalis
1119 1555 1130 1569 ,
1155 1529 1188 1562 ὅ(
1214 1529 1384 1564 intellexit
1411 1529 1513 1575 supe-

51 1574 156 1610 riores
179 1575 308 1617 Judices
320 1575 384 1612 effe
409 1577 595 1613 timendes:
622 1576 754 1612 Audito
774 1578 878 1623 igitur
901 1577 1062 1624 Episcopo
1088 1602 1098 1616 ‚
1124 1575 1188 1610 iv.
1214 1587 1313 1617 nunc,
1333 1602 1344 1615 ,
1367 1588 1439 1623 quae
1462 1577 1517 1612 se-

54 1632 204 1667 quuntur
219 1647 230 1661 ,
253 1623 372 1658 Dubia
396 1622 611 1666 subjicimus,
633 1623 753 1670 quibus
776 1623 997 1661 controversia
1011 1622 1119 1659 omnis
1143 1622 1380 1669 complectitur
1395 1649 1406 1660 .

8 1667 37 1704 I.
62 1668 121 1706 An
154 1673 390 1706 Ordinationes
405 1696 415 1710 ,
433 1671 494 1714 seu
509 1678 656 1708 Decreta
673 1673 847 1718 Episcopi,
873 1676 916 1709 Θ·
944 1673 1078 1708 Vicarii
1104 1671 1290 1718 resped‘tive
1316 1672 1447 1707 dierum
1465 1681 1518 1717 ις.

192 1720 298 1762 ‘junii
312 1744 322 1757 ,
351 1728 404 1760 19.
418 1719 517 1762 ⁶Julit
534 1743 545 1759 ,
571 1723 614 1756 &
627 1717 659 1753 8.
674 1717 820 1766 Augusti
831 1722 911 1755 anni
928 1719 1025 1761 1746.
1034 1717 1282 1762 [abstineantur
1301 1719 1337 1754 in
1352 1718 1426 1762 casu
1442 1722 1517 1756 esre.

197 1764 229 1799 ἃ
255 1774 419 1810 quatenus
443 1765 603 1812 negative
625 1788 635 1799 .

7 1808 54 1845 II·
78 1816 138 1848 «An
163 1816 207 1849 ἅ*
224 1815 389 1859 quomodo
406 1812 451 1856 fit
467 1814 716 1860 providendum
731 1825 796 1860 pro
811 1814 962 1858 servitio
991 1813 1202 1850 cathedralis
1231 1810 1377 1855 Ecclefiae
1407 1814 1525 1860 quoad.

197 1858 427 1904 ‘Presbyteros
444 1858 775 1907 supranumerarioss

8 1903 76 1941 1-lI.
101 1913 160 1941 Aa
189 1909 231 1941 ad
253 1908 327 1943 loca
342 1908 628 1956 participationis
651 1909 686 1942 in
709 1910 741 1943 d.
771 1907 965 1946 cathedrali
987 1906 1128 1950 Ecclesia
1161 1907 1318 1954 deinceps
1345 1915 1517 1942 vacatura

198 1956 336 1990 admitti
356 1952 499 1990 debeant
522 1953 729 1998 Presbyteri
748 1957 961 2001 antiquiores
975 1955 1273 2003 supranumerarii
1279 1953 1392 1999 juxta
1411 1956 1516 2003 Ordi'-

197 2005 252 2038 nis
276 2003 521 2050 antianitatem,
540 2024 550 2039 ‚
566 2000 767 2048 fivepotius
785 2003 987 2048 praeferendi
990 2002 1058 2046 sint
1069 2010 1275 2038 recenrcores
1289 2000 1492 2053 Presbyterc
1509 2027 1520 2041 ,

198 2046 259 2096 qui
272 2061 291 2083 a
317 2049 390 2098 lqco
412 2063 475 2086 non
487 2049 690 2097 discedentes
705 2048 778 2096 post
804 2048 1033 2086 Sacerdotium
1046 2048 1162 2088 diebus
1180 2049 1305 2093 fizltem
1327 2047 1428 2090 Festcs
1455 2053 1516 2082 Ca-

197 2097 346 2134 thedralc
355 2093 489 2143 jugiter
512 2095 741 2141 inservcerunt
763 2094 780 2130 ,²

9 2146 69 2184 IV.
95 2153 155 2182 An
178 2143 213 2180 in
240 2144 395 2193 coricicrsu
410 2144 784 2191 supranumerarc‘ornm
807 2168 818 2182 ‚
840 2144 985 2193 quipost
1010 2148 1263 2185 Ordinationem
1289 2144 1334 2177 ad
1354 2145 1517 2189 sacerdo-

197 2191 283 2228 tium
298 2191 415 2228 dtebus
439 2190 541 2233 Festis
558 2190 749 2227 cathedrali
775 2191 921 2235 Ecclefiae
936 2192 1123 2236 servitium
1147 2190 1375 2232 exhibuerunt
1393 2201 1428 2225 tn
1455 2192 1522 2225 ad-

197 2235 336 2284 miffione
358 2240 400 2274 ad
423 2240 455 2275 d.
474 2235 758 2287 participationis
788 2238 860 2273 loca
882 2240 1044 2285 praeferri
1062 2243 1203 2279 debeant
1224 2241 1253 2274 ii
1280 2263 1291 2278 s
1323 2240 1386 2284 qui
1408 2239 1518 2273 etiam

191 2285 336 2335 publica
361 2287 553 2321 adorationi
575 2292 657 2322 Ven.
684 2288 894 2324 sacramenti
912 2295 979 2334 per
1000 2297 1151 2338 tempora
1179 2285 1221 2322 ab
1244 2286 1402 2332 Episcopo
1423 2292 1516 2331 prae·

193 2333 296 2376 finita
320 2333 550 2376 interfuerunt
571 2333 605 2369 ἱη
626 2332 701 2378 casu
729 2336 805 2370 &c-

182 2443 368 2496 Dilata
403 2443 468 2494 ad
503 2443 551 2495 se
584 2454 835 2510 quentem
865 2482 876 2494 .

1358 2785 1457 2838 Die
