1874 2961
55 145 177 184 -Bonis
199 140 353 178 instituta
382 137 447 174 suit
470 146 629 185 perpetua
651 135 877 185 Cappellania
906 163 916 178 ‚
940 137 1124 182 datumque
1149 146 1236 171 onus
1260 101 1480 184 cappellani:

77 190 244 236 1mplendi
267 201 306 224 ea
334 189 511 222 Sacrorum
537 186 664 232 legata,
692 187 733 219 ad
750 198 824 232 quae
845 186 959 221 Patres
974 184 1170 219 Carme-linc
1203 187 1426 223 tenebantur,
1450 186 1482 219 ὁ(

58 233 418 282 *solvendiquotannis
434 234 537 270 libras
549 242 687 269 centum
703 243 848 268 moneta:
863 258 872 271 ,
893 232 958 268 srvc
975 233 1016 268 sc.
1035 233 1077 268 18.
1095 230 1266 274 Hospitali
1293 234 1381 266 della
1404 234 1485 274 sca-

17 299 19 303 ·
66 291 162 328 'Ietta
192 283 361 320 Civitatis
393 280 510 317 lmolae
536 308 546 322 ‚
573 281 660 327 quod
682 281 757 316 inde
788 293 870 315 onus
897 293 1015 316 annnae
1047 277 1266 323 pac-stationis
1298 278 1419 312 minuit
1446 279 1485 313 ad

67 337 159 373 scut.
180 344 231 368 ιι.
263 342 319 377 per
348 339 449 363 annos
475 331 592 364 decem
616 326 709 363 illius
735 327 901 364 Dioecefis
918 326 1129 374 Episcopus.
1157 327 1258 361 Anno
1284 331 1379 360 πόσε.
1407 326 1485 360 huic

68 379 306 430 Cappellania:
321 376 521 413 Animarum
534 375 628 410 Cura
642 376 719 411 data
734 376 798 411 fuit
819 403 830 416 ,
848 378 878 410 &
896 378 934 410 ad
947 387 1035 411 vera:
1050 375 1222 410 &rochae
1242 383 1393 407 natur-ran
1426 384 1484 406 re-

67 431 169 468 ᾶιᾶει
185 454 196 468 ,
220 428 251 462 δι
266 423 432 460 Parochus
446 424 504 470 qui
518 434 593 458 eam
613 422 756 469 primum
779 423 955 462 obtinuit,
984 433 1082 469 atque
1109 420 1202 456 illius
1238 417 1399 456 successor
1426 431 1484 464 pe-

70 479 201 514 tierunt
215 473 354 508 similem
367 470 636 506 deminutionem
663 482 778 508 annua:
804 470 1020 516 praestationis
1037 468 1205 513 Hospitali
1221 467 1342 503 debita:
1358 493 1366 507 ‚
1390 477 1484 500 eam-

71 537 137 573 que
165 521 296 568 pariter
319 520 545 556 obtinuerunt
560 530 620 564 per
646 529 750 555 annos
775 518 889 554 decem
908 516 1076 553 solutione
1101 517 1141 550 sc.
1163 529 1212 553 tt.
1229 515 1410 550 Curatores
1434 523 1485 547 ta-

69 583 148 608 men
164 569 354 613 Hospitalis
379 568 543 612 integram
565 565 627 600 fibi
651 566 762 601 deberi
793 577 936 601 annuam
964 565 1203 610 prxstationem
1227 564 1386 598 librarum
1400 573 1483 596 cen·-

71 629 147 655 tum
169 615 351 658 injudicio
375 614 647 653 substinuerunt,
677 613 735 649 sed
751 614 798 649 ob
818 613 1040 661 exceptiones
1062 610 1207 646 Parochi
1228 611 1395 645 actionem
1417 609 1483 643 de-

71 667 250 703 seruerunt
267 691 277 704 ‚
303 672 364 697 nec
388 661 486 696 solita
513 662 618 697 sear.
639 661 835 698 recusarunt
856 662 894 696 ad
920 671 1044 696 annum
1061 658 1164 705 usque
1191 664 1281 699 1716.
1306 667 1372 705 quo
1394 656 1496 699 judi-⁴

67 715 163 750 cium
183 710 410 746 instaurarunt
424 735 434 750 ,
461 708 513 743 scd
529 709 653 744 iterum
672 709 755 744 illud
771 709 984 745 deseruerunt
999 737 1006 743 .

29 763 144 808 Atque
157 760 226 794 haec
243 755 288 792 est
300 757 546 802 paternarum
573 768 682 791 rerum
698 755 853 791 historia:
880 758 918 791 ad
936 754 1042 790 nostra
1059 780 1069 794 ,
1093 757 1182 801 quod
1209 754 1352 792 attinet,
1380 753 1483 794 Joan-

72 818 131 844 nes
149 802 296 853 Baptista
311 802 527 839 Cavallarius
543 804 720 840 Parochus
738 804 829 840 illius
845 803 997 839 Ecclesiae
1012 803 1131 838 libello
1154 803 1213 838 suo
1229 800 1479 836 sanctissimum

71 852 262 897 Principem
277 848 424 886 nostrum
439 850 527 885 adiit
540 877 550 891 ,
576 863 642 897 quo
655 849 842 896 postulabat
857 878 868 891 ‚
896 861 933 887 ut
957 861 1059 898 grave
1079 861 1162 885 onus
1176 856 1458 895 quatuorcentum
1474 871 1485 885 ,

72 902 105 937 δι
120 900 262 947 triginta
279 898 334 933 sex
349 897 526 934 Sacrorum
541 899 735 937 minueret,
759 898 789 932 ἀ
806 901 847 934 ab
863 910 973 934 annua
987 897 1199 943 proestatione
1222 896 1259 931 sc⁴
1284 907 1331 930 rr.
1350 893 1485 939 Hospi-

70 947 135 983 tali
149 947 239 983 della
255 946 407 981 scalena
423 957 499 980 eum
515 946 677 982 liberaret
690 973 699 985 ‚
725 955 828 991 atque
844 947 1029 981 immunem
1044 945 1190 984 faceret,
1207 944 1295 990 quod
1312 941 1487 977 Parochiae

71 995 138 1031 suae
157 993 313 1028 redditus
336 992 482 1037 impares
498 993 603 1027 essent
619 994 668 1028 his
683 993 840 1029 oneribus
854 994 995 1028 serendis
1010 1020 1020 1033 ,
1043 1004 1115 1037 quae
1130 1002 1245 1025 omnes
1271 989 1393 1024 sruCtus
1421 988 1486 1022 ab-

70 1040 274 1079 sumebant,'
294 1047 331 1074 ut
358 1040 446 1074 nihil
468 1039 525 1074 sibi
551 1039 721 1085 reliquum
749 1039 849 1076 esset.
880 1040 974 1074 Data
1000 1037 1229 1086 Amplissimis
1257 1036 1410 1072 Patribus
1427 1046 1486 1080 po-

68 1087 256 1124 stulationis
277 1086 376 1128 hujus
393 1085 548 1133 cognitio
572 1086 637 1121 fuit
661 1087 702 1121 ab
727 1088 871 1134 Optimo
896 1087 1085 1132 Principe3
1112 1085 1294 1130 auditoque
1309 1109 1318 1122 ,
1342 1092 1380 1116 ut
1408 1081 1482 1116 fieri

69 1135 182 1175 solet,
205 1134 371 1181 Episcopo
387 1160 397 1174 ‚
417 1132 588 1180 rescripsit
614 1134 754 1169 Sacrum
777 1134 953 1170 'sribunal
978 1135 1031 1168 die
1058 1137 1110 1168 28.
1138 1131 1259 1166 Martii
1279 1140 1376 1176 ¹744·
1400 1132 1486 1177 Epi-

64 1183 188 1230 scopo,
216 1185 276 1229 qui
292 1180 449 1229 praefigat
471 1184 652 1218 terminfzm
677 1182 875 1228 Reflorihus
902 1182 1090 1226 Hospitalis
1119 1181 1161 1213 ad
1185 1179 1483 1220 deducend.zs7‘11ra

72 1232 109 1266 in
131 1235 206 1264 sac.
224 1231 487 1275 Congregatione
515 1255 524 1268 ,
548 1227 800 1275 negligentibus
828 1239 908 1263 vero
938 1227 1003 1262 illis
1030 1227 1138 1262 adhuc
1163 1252 1172 1265 ,
1197 1223 1358 1259 transacio
1383 1223 1486 1264 jam..

73 1284 228 1322 tempore
243 1275 285 1310 ab
298 1274 459 1321 Episcopo
473 1275 657 1312 constituto
669 1302 679 1315 ,
702 1276 845 1310 rationes
869 1276 940 1310 suas
962 1285 1148 1321 proponere
1161 1299 1170 1313 ,
1194 1271 1290 1307 causa
1304 1269 1481 1305 ‘definien-

79 1324 121 1358 da
135 1322 182 1358 est
194 1322 343 1358 Parocho
358 1332 487 1358 tantum
509 1323 702 1369 postulante
715 1348 725 1362 ,
745 1331 783 1358 ut
802 1333 960 1359 numerus
976 1322 1154 1358 Sacrorum
1170 1319 1341 1355 minuatur
1355 1344 1364 1358 ,
1393 1318 1423 1352 &
1441 1317 1484 1351 ab

73 1380 183 1405 annua
208 1369 417 1416 praestatione
434 1369 594 1404 liberetur
609 1397 617 1405 .
812 1389 815 1390 ν
834 1371 837 1374 ’

24 1417 203 1461 :renuitas
218 1417 405 1453 reddituum
418 1415 589 1454 Parochiae
620 1420 874 1456 fundamentum
899 1419 944 1455 est
958 1447 966 1458 ,
990 1431 1060 1463 quo
1081 1415 1207 1451 nititur
1221 1422 1366 1458 utraque
1383 1412 1485 1447 Paro·
1534 1422 1535 1425 ¹

69 1464 128 1500 Chi
144 1464 351 1510 postulatio,
380 1474 453 1500 turn
472 1466 580 1513 quoad
606 1467 876 1503 deminutionem
900 1468 1100 1502 Sacrorum,
1120 1471 1194 1496 tum
1225 1461 1333 1507 quoad
1362 1459 1484 1494 libera-

68 1511 203 1547 tionem
220 1512 266 1560 ·ab
288 1523 399 1546 annua
425 1513 653 1557 praestatione:
678 1515 836 1549 monstrat
851 1513 943 1547 enim
961 1509 1112 1558 impletis
1136 1507 1293 1543 oneribus
1306 1508 1486 1547 omnibus,

72 1559 195 1605 quibus
210 1557 373 1594 Parochia
395 1569 559 1606 gravatur
575 1587 584 1600 ,
609 1571 677 1595 non
703 1561 808 1596 solum
829 1571 895 1594 non
919 1556 1080 1605 superesse
1101 1566 1282 1601 congruam
1297 1582 1306 1594 ‚
1334 1554 1388 1588 sed
1410 1565 1487 1588 om-

71 1617 132 1642 nes
160 1605 311 1641 redditus
326 1607 478 1643 absumi:
508 1607 697 1656 Episcopus
721 1607 909 1642 animarum
932 1604 1142 1653 perpendens
1162 1601 1406 1637 detrimentum
1422 1626 1432 1640 ‚
1461 1598 1486 1634 sl

69 1655 119 1689 ob
130 1654 326 1688 reddituum
339 1655 541 1690 tenuitatem
558 1654 707 1690 Ecclesia
733 1655 796 1689 illa
820 1653 973 1689 Parocho
986 1661 1118 1688 careret
1132 1677 1142 1690 ,
1167 1650 1201 1685 in
1219 1661 1258 1684 ea
1285 1649 1332 1686 est
1353 1649 1486 1684 senten-

66 1701 143 1751 tia3
167 1710 204 1735 ut
223 1703 338 1748 ingens
358 1701 420 1737 ille
441 1704 620 1738 Sacrorum
645 1702 802 1737 numerus
821 1701 997 1746 redigatur
1012 1699 1050 1733 ad
1064 1710 1167 1733 unum
1179 1706 1245 1778 ¹vro
1261 1697 1391 1744 ‘Populo
1421 1694 1486 1730 fin-

68 1746 264 1798 gulis-festis
287 1748 406 1785 diebus
426 1776 436 1789 ‚
471 1751 503 1784 &
526 1750 671 1784 alterum
703 1748 841 1794 fingubs
862 1746 1091 1782 Hebdomadis
1115 1773 1125 1787 ‚
1158 1756 1176 1779 a
1197 1744 1302 1790 iisque
1326 1743 1486 1777 oneribus

65 1795 198 1832 reliffls
217 1807 327 1831 annua
347 1797 518 1843 praestatio
533 1796 707 1839 Hospitali
722 1796 837 1831 debita
851 1795 1093 1841 extinguatur,
1118 1794 1149 1828 δι
1164 1791 1360 1826 adimatur:
1388 1790 1484 1823 Onus

64 1842 176 1888 igitur
195 1842 260 1876 erit
289 1843 582 1890 Amplissimorum
605 1843 744 1878 Patrum
760 1870 770 1884 ,
797 1840 944 1889 expensis
971 1868 981 1882 ,
1010 1852 1081 1888 qux
1108 1841 1148 1875 ab
1174 1837 1342 1885 Episcopo
1367 1861 1377 1876 2
1404 1837 1435 1870 &
1464 1847 1485 1870 ὃ

66 1888 219 1924 parocho
243 1901 498 1935 proponuntur,
523 1890 772 1936 respondendi.

17 1935 49 1973 Ῑ-
73 1938 152 1975 An,
175 1937 206 1971 &
231 1947 267 1970 m
293 1950 359 1984 qua
382 1938 572 1985 quantitate
595 1936 635 1971 fit
659 1939 873 1973 concedenda
897 1934 1041 1971 reductio
1068 1933 1246 1969 Missarum
1273 1932 1307 1967 in
1325 1930 1400 1966 casu
1415 1930 1483 1965 διε.

20 1983 73 2022 11.-
95 1985 154 2065 ιῖῃ
178 1982 218 2018 sit
241 1983 451 2068 concedessda
483 1984 644 2021 liberatio
668 1985 790 2023 favore
814 1983 962 2022 Parochi
988 1980 1084 2029 super
1109 1993 1221 2017 annua
1241 1977 1484 2028 praestatione.»

129 2039 198 2066 cut.
221 2041 271 2067 1¹.
295 2033 332 2070 in
355 2043 393 2070 ca
411 2046 432 2068 u
459 2035 522 2070 διε.

12 2175 95 2258 C
110 2172 345 2209 ASSANEN.
372 2175 745 2212 CENSURARUM=
770 2175 862 2212 Cum
881 2174 991 2210 mense
1006 2173 1161 2222 Augusto
1173 2171 1253 2219 anni
1273 2181 1370 2219 1744.
1383 2172 1475 2206 dam-

121 2232 201 2256 num
224 2223 321 2256 nocte
343 2222 481 2258 illatum
505 2223 618 2259 fuisset
639 2223 768 2269 praediis
795 2223 999 2258 Monasterii
1029 2223 1170 2257 Patrum
1182 2218 1479 2255 Conventualium

60 2271 82 2303 S
110 2269 482 2305 FrancisciAssisrensis
510 2270 806 2310 Castrivillarum,
830 2279 992 2305 curarunt
1016 2269 1156 2308 Patres,
1181 2277 1219 2304 ut
1249 2269 1289 2303 ab
1316 2266 1482 2312 Episcopo

58 2315 251 2351 Cassanensi
275 2316 501 2352 Censurarum
527 2329 624 2362 poena
654 2318 867 2363 infligeretur
895 2317 936 2351 iis
961 2343 972 2356 ,
1003 2317 1061 2362 qui
1084 2318 1242 2352 damnum
1262 2314 1455 2350 intulerant
1471 2339 1483 2353 ,

59 2363 114 2398 sed
130 2363 313 2410 Episcopus
339 2365 450 2399 noluit
477 2365 641 2399 Patribus
665 2365 840 2411 indulgere
855 2392 862 2399 .
890 2364 938 2397 Hi
961 2364 1084 2410 igitur,
1109 2375 1186 2398 cum
1210 2374 1266 2398 eas
1289 2360 1382 2396 statis
1407 2359 1481 2394 die-

58 2411 121 2461 bus
137 2411 185 2445 D.
201 2411 360 2446 Antonio
384 2411 554 2447 Patavino
579 2423 697 2458 preces
713 2411 891 2446 funderent
906 2436 916 2449 ,
935 2423 1016 2457 quas
1041 2420 1167 2445 vocant
1188 2412 1360 2444 Tridicina
1376 2433 1386 2446 ,
1411 2418 1475 2442 aera

58 2459 197 2509 tinnula
211 2457 280 2503 post
294 2458 472 2495 secundam
491 2459 598 2494 noffls
612 2458 730 2493 horam
744 2458 927 2504 pulsabant
942 2485 951 2498 ,
978 2459 1010 2493 δι
1033 2457 1153 2493 clausis
1178 2454 1321 2501 Templi
1337 2453 1480 2493 foribus,

56 2514 226 2540 :incertum
248 2532 260 2545 ,
293 2507 391 2550 quale
419 2518 523 2553 genus
548 2506 717 2541 orationis
742 2505 908 2540 haberent
935 2505 1044 2540 coacti
1067 2506 1099 2539 in
1125 2501 1270 2538 Ecclesia
1295 2500 1483 2537 luminibus

57 2551 224 2591 accensis,
247 2563 326 2588 nam
354 2565 456 2588 omne
473 2556 539 2588 hoc
554 2553 676 2587 factum
700 2564 766 2587 non
781 2554 884 2598 plane
898 2552 1008 2597 liquet
1030 2549 1214 2587 contrariis
1237 2559 1308 2584 tum
1329 2548 1481 2588 Patrum,

57 2607 131 2649 Jnm
153 2598 303 2645 Episcopi
326 2600 601 2646 probationibus:
627 2599 692 2634 Sed
708 2600 873 2645 Syndicus
894 2598 1065 2634 Civitatis
1084 2597 1361 2633 Castrivillarum
1387 2596 1483 2633 ille..

55 2644 126 2697 ¹P.s.e
145 2672 166 2696 ².
180 2647 236 2692 qui
262 2647 305 2681 de
323 2649 445 2683 damno
471 2647 605 2695 praediis
635 2645 770 2681 Parrum
810 2647 911 2681 illato
932 2645 1102 2682 criminali
1125 2645 1258 2687 Judicio
1284 2656 1350 2680 una
1369 2655 1481 2679 cum-.-

55 2693 132 2732 ειυς
156 2692 331 2740 inquisitus
352 2694 423 2737 est,
446 2695 556 2742 paetiit
582 2706 601 2730 a
625 2693 734 2730 Curia
757 2691 1156 2742 EpiscopaliCaffanenfi
1171 2719 1182 2734 ‚
1209 2702 1248 2729 ut
1271 2700 1478 2730 caveretur,

862 2749 864 2751 ,
1435 2747 1479 2775 ne

1528 2182 1660 2262 ἔξαγ’
1676 2188 1737 2224 ⁶⁶³³
