1883 2907
39 1727 159 1767 istst-214.
169 1733 223 1762 c.t.'

19 1770 53 1797 de
67 1772 118 1809 ref
127 1771 220 1799 Matr-1

333 123 369 145 ’Ὅ

326 133 414 191 zinno
433 161 522 199 1741.
547 151 609 187 PP.
627 151 826 187 Minoribus
844 149 1021 186 strictioris
1046 149 1301 191 Observantioe,
1327 151 1386 195 qui
1405 152 1595 197 Rcso'rma'ti
1609 153 1768 189 nuncu?
1786 156 1789 158 ’

325 210 446 248 pantur
462 225 469 234 .
503 202 547 234 At
561 198 732 246 postquam
748 200 867 234 iisdem
882 199 994 233 Patres
1016 200 1143 244 recepti
1169 198 1306 233 fuerunt
1321 224 1330 237 ‚
1357 197 1466 241 plures
1479 200 1642 235 continuo
1657 201 1750 237 inter
1786 231 1789 234 ,

324 260 381 282 eos
397 274 405 285 ,
431 248 461 281 δι
480 246 623 283 Clerum
638 247 828 282 saecularem
843 245 990 286 eiusdem
1007 246 1138 292 Oppidi
1167 255 1296 281 exortae
1311 244 1546 280 controversiae
1570 249 1717 294 quietem
1737 275 1746 291 ‚

323 307 395 340 quae
410 293 498 329 inter
512 294 663 330 *Ecclesiae
678 295 811 329 militiae
825 293 1008 338 adscriptos
1024 294 1194 328 Homines
1209 318 1220 332 ‚
1246 303 1408 338 perpetua
1426 291 1490 327 ess'e
1507 293 1645 330 deberet
1659 321 1670 334 ‚
1685 295 1748 330 im-

322 353 467 387 portune
484 344 666 378 turbarunt
686 369 692 376 .
719 341 860 376 Delatis
874 341 977 386 igitur
990 342 1107 376 adhoc
1120 340 1371 386 Amplissimum
1390 338 1564 375 Tribunal
1585 340 1638 376 his
1648 342 1749 378 Con-

323 391 500 426 troverstis
514 419 523 431 ‚
551 390 736 434 auditoque
758 387 923 432 Episcopo
945 386 1117 422 Larinensi
1141 387 1249 422 Causa
1277 387 1385 422 omnis
1404 387 1505 423 Vlll.
1522 388 1747 434 complexa„

325 437 530 485 Capitibus,
556 451 574 472 e
601 448 744 482 quorum
770 435 837 470 sola
862 434 1004 470 lectione
1018 435 1098 479 quid
1120 433 1154 468 in
1180 446 1218 468 ea
1233 433 1271 468 sit
1286 462 1295 474 ‚
1322 435 1599 481 cognoscifacile
1616 435 1748 481 potest,

327 484 598 519 Eminentiflimis
610 482 766 518 Patribus
785 493 876 516 nunc
898 483 1100 528 proponitur
1122 479 1317 517 definienda
1333 507 1342 518 .

274 530 304 564 1.
331 534 389 567 An
405 533 434 566 ἃ
449 534 502 567 cui
518 540 689 578 competat
713 532 768 570 *lus
785 530 979 565 celebrandi
996 529 1231 565 Festivitatem
1259 530 1290 564 S.
1309 529 1429 565 Mariae
1448 529 1492 565 de
1509 531 1629 566 Monte
1654 532 1746 567 Car·

418 581 506 614 melo
523 591 600 615 cum
614 577 810 614 solemniori
831 577 926 613 cultu
947 576 1001 611 die
1021 584 1070 614 16.
1087 576 1170 618 Julii
1184 601 1194 615 ‚
1220 589 1366 613 necnon
1380 576 1748 614 FestivitatesSS.An--

418 628 503 663 tonii
519 627 690 666 Abbatis‚
716 624 863 660 Antonii
891 623 1084 665 Patavini,
1106 624 1286 665 januarii,
1311 626 1342 662 &
1367 625 1539 662 Francisci
1569 625 1749 670 xaverii,

418 676 448 710 δι
476 675 510 709 in
536 687 600 720 qua
620 672 763 709 Ecclesia
786 674 820 707 in
836 672 914 708 casu
929 672 993 707 διε.

273 720 318 756 ΙΙ,
347 722 403 756 An
417 722 548 757 constet
560 724 600 757 de
614 721 769 767 legitima
783 720 949 755 erectione
966 719 1084 755 Tertii
1102 720 1244 756 Ordinis
1264 721 1303 754 de
1327 719 1538 757 Poenitentia
1561 720 1595 756 in
1623 720 1745 756 Eccle-

417 767 459 802 sia
477 769 567 804 Ven.
578 770 785 804 Conventus
803 769 834 802 S.
849 766 969 802 Maria:
996 767 1041 802 de
1059 768 1182 804 Monte
1197 768 1359 804 Carme-lo
1374 767 1505 815 Oppidi
1516 768 1629 805 Collis
1644 768 1746 804 Torti

418 816 452 850 in
468 816 543 851 casu
557 818 622 852 &e
640 823 685 851 kt
697 826 866 863 quatenus
881 818 1045 860 negative
1060 839 1070 848 .

269 861 336 896 111.
364 862 419 896 An
431 863 539 898 dictus
551 863 699 898 Tertius
712 863 806 898 Ordo
830 861 869 896 fit
892 861 1078 897 abolendus
1092 889 1103 902 ‚
1127 863 1184 898 seu
1206 864 1375 909 quomodo
1392 863 1431 899 fit
1445 862 1691 910 providendum
1707 863 1746 899 in

413 911 490 946 casu
503 912 569 946 ἃς.
588 919 631 946 Et
649 921 818 958 qnatenus
844 910 1051 953 affirmative
1068 912 1295 952 adsecnndam
1308 935 1316 944 .

269 955 337 990 lv.
364 958 423 991 An
438 957 637 994 Confratres
653 957 734 992 dicti
748 955 869 992 Tertii
895 955 1037 992 Ordinis
1053 957 1094 991 de
1108 956 1320 993 poenitentia
1348 959 1380 992 in
1397 958 1542 1005 publicis
1561 958 1744 994 Proceffio-
1779 998 1785 1002 ⁴

413 1005 513 1040 nibus
529 1033 539 1046 ‚
553 1007 585 1040 δι
598 1003 877 1040 associationibus
888 1002 1090 1040 cadaverum
1104 1005 1257 1041 incedere
1273 1004 1390 1051 poffint
1406 1006 1464 1040 sub
1477 1006 1590 1042 Cruce
1604 1005 1745 1041 PRRe·

414 1051 635 1088 formatorum
651 1078 660 1091 ,
683 1053 739 1087 vel
764 1052 870 1087 etiam
895 1050 953 1086 sub
975 1052 1109 1098 propria
1142 1052 1257 1087 Cruce
1281 1052 1315 1087 in
1340 1053 1421 1088 casu
1443 1055 1507 1088 ἃς.

268 1101 318 1135 V.
345 1097 405 1134 An
419 1099 601 1135 Cadavera
629 1099 860 1135 defunctorum
882 1098 1090 1144 sepellienda
1116 1100 1152 1135 in
1177 1098 1325 1135 Ecclesia
1353 1101 1431 1135 dicti
1446 1101 1650 1136 Conventus
1678 1101 1745 1136 de-

413 1148 516 1183 beant
531 1147 574 1182 ad
589 1146 684 1182 illam
698 1150 787 1183 recto
802 1147 940 1182 tramite
951 1146 1076 1182 deferri
1091 1173 1102 1187 ,
1126 1147 1181 1183 seu
1207 1147 1323 1193 potius
1348 1146 1410 1181 {int
1437 1148 1529 1193 prius
1542 1147 1739 1192 asportanda

412 1196 456 1230 ad
484 1193 662 1230 Ecclesiam
687 1195 921 1230 Parochialem
943 1221 953 1235 ‚
979 1196 1011 1230 &
1038 1206 1158 1230 eorum
1181 1195 1231 1230 ibi
1254 1194 1327 1230 fieri
1351 1195 1494 1230 debeant
1521 1194 1678 1242 Exequiae
1705 1197 1742 1231 in

409 1243 488 1277 casu
512 1245 574 1278 διε.

263 1288 330 1323 ΓνἸ.
356 1290 415 1326 An
432 1289 601 1334 Religiofi
616 1289 694 1324 dicti
708 1290 914 1326 Conventus
927 1298 1107 1326 teneantur
1123 1289 1260 1336 fingulis
1277 1288 1374 1323 annis
1388 1288 1424 1323 in
1442 1299 1636 1341 perpetuum
1650 1301 1742 1338 prae-

410 1336 872 1385 semareArchipresbytero
895 1338 1104 1373 parochialis
1129 1336 1208 1371 dicti
1230 1335 1362 1384 Oppidi
1390 1337 1602 1383 manipulum
1620 1337 1742 1373 florum

414 1384 449 1418 in
463 1385 557 1421 Festo
573 1384 782 1420 Nativitatis
795 1385 828 1419 S.
842 1385 977 1426 joannis
992 1383 1147 1432 Baptistae
1162 1411 1172 1424 ,
1196 1384 1253 1419 vel
1279 1383 1396 1418 eadem
1414 1385 1468 1419 die
1487 1385 1632 1420 recitare
1661 1396 1741 1420 ora-

410 1431 541 1467 tionem
554 1433 795 1478 Panegyricam
822 1432 858 1466 in
873 1433 1034 1467 honorem
1057 1431 1134 1465 dieti
1150 1431 1261 1466 Sancti
1286 1432 1321 1465 in
1344 1430 1421 1466 casu
1435 1431 1502 1467 &c.

267 1475 352 1512 vlt.
379 1479 439 1514 An
463 1479 589 1515 constet
609 1480 650 1513 de
673 1478 839 1524 praetensis
861 1478 1044 1514 exceffibus
1069 1479 1106 1513 P.
1123 1478 1278 1513 Antonii
1305 1491 1322 1513 a
1343 1478 1636 1515 &Bai-tholomaeo
1659 1507 1669 1520 ‚
1706 1481 1740 1515 δε

409 1525 468 1561 Fr.
480 1527 582 1562 Lucae
600 1538 620 1562 a
636 1526 822 1562 Vulturara
838 1526 1014 1563 occafione
1026 1525 1248 1575 proceffionis
1260 1526 1292 1560 S.
1302 1525 1415 1563 Marci
1428 1551 1439 1568 ‚
1466 1527 1497 1561 &
1512 1530 1681 1573 quomodo
1696 1526 1739 1562 fit

411 1573 658 1615 providendum
682 1573 717 1610 in
731 1573 809 1609 casu
823 1575 887 1613 &c.
1034 1576 1037 1578 ’

360 1722 651 1762 RlVENTlNA
678 1724 986 1764 NULLITATIS
1011 1721 1357 1762 MATRIMONII:
1387 1721 1565 1757 Inhonesta
1594 1721 1735 1756 Anna-2

383 1771 624 1812 Jannantuono
638 1801 647 1814 ‚
673 1784 851 1821 antequam
865 1775 905 1809 de
919 1775 1044 1818 nuptiis
1065 1773 1235 1819 cogitaret
1249 1780 1325 1805 cum
1339 1769 1462 1805 Libero
1477 1768 1635 1815 Japaulo,
1647 1778 1727 1803 cor-

312 1818 403 1862 poris
420 1818 470 1853 sui
490 1822 686 1864 potestatem
707 1822 788 1857 fecit
802 1822 932 1857 Carolo
946 1820 1074 1860 Fonte,
1100 1831 1118 1853 e
1140 1832 1206 1868 quo
1233 1818 1338 1852 etiam
1365 1827 1461 1851 utero
1486 1817 1581 1862 geffit
1600 1841 1610 1855 ³
1631 1827 1734 1866 quan!

312 1864 485 1911 infamiam
510 1877 547 1902 ut
562 1877 698 1914 tegeret
714 1896 723 1909 ,
749 1870 957 1904 calumniam
980 1868 1135 1904 machina
1156 1866 1201 1902 est
1221 1877 1344 1902 contra
1366 1864 1531 1898 Liberum
1552 1863 1643 1898 illati
1669 1860 1732 1896 fibi

311 1912 460 1947 violenti
478 1912 600 1959 stupri:
628 1915 742 1958 Huius
766 1916 857 1950 enim
879 1916 1034 1951 criminis
1061 1926 1155 1950 reum
1181 1913 1334 1949 eumdem
1354 1912 1481 1946 detulit
1507 1912 1547 1944 ad
1561 1910 1726 1944 Baronem

310 1959 428 1996 Terrae
443 1959 615 1996 Casalium
630 1962 785 2010 Cyprani
801 1962 1018 1998 Triventinae
1033 1962 1201 1997 Dioecefis
1216 1987 1225 1999 ,
1250 1960 1307 2005 qui
1333 1959 1454 1993 officiis
1474 1959 1726 1992 circumventus

310 2007 425 2041 uxoris
450 2007 512 2042 suae
528 2035 539 2047 ,
563 2008 618 2043 cui
642 2007 823 2045 familiaris
847 2020 919 2045 erat
935 2011 1044 2044 Annae
1066 2009 1177 2047 soror,
1204 2007 1293 2050 jufflt
1320 2006 1483 2039 Liberum
1506 2005 1542 2040 iu
1571 2014 1728 2039 carceres

309 2054 466 2094 detrudi,
491 2067 632 2101 eumque
661 2056 768 2093 tribus
794 2056 960 2092 mensibus
981 2055 1128 2091 detinuit
1148 2055 1183 2089 in
1200 2053 1370 2100 squallore
1399 2054 1568 2095 jacentem
1582 2079 1593 2092 ,
1620 2053 1728 2086 donec

309 2099 460 2135 oblatam
472 2101 534 2137 fibi
546 2104 779 2140 conditionem
795 2104 948 2139 ducendi
962 2103 1139 2148 stupratam
1163 2102 1200 2137 in
1212 2112 1352 2136 uxorem
1367 2111 1442 2134 eam
1458 2099 1602 2135 Liberus
1629 2108 1731 2149 acce-

308 2146 385 2191 pit,
410 2147 512 2183 fatius
540 2150 604 2184 hoc
618 2162 778 2199 reputans
791 2177 801 2190 ‚
826 2162 925 2197 quam
950 2150 1061 2186 inedia
1085 2151 1116 2184 &
1136 2149 1279 2184 miseriis
1301 2148 1390 2182 intra
1406 2158 1555 2182 carceres
1569 2145 1699 2194 absumi
1718 2170 1727 2178 .

306 2194 448 2228 fiducius
466 2195 579 2240 itaque
599 2199 762 2238 manicis,
788 2200 820 2233 &
846 2198 976 2233 catenis
1002 2198 1132 2232 vinctus
1158 2198 1246 2232 reela
1271 2196 1309 2230 in
1338 2194 1507 2229 Baronale
1530 2192 1729 2227 Praetorlum

307 2242 478 2281 trahitur,
505 2243 535 2275 ὅ(
560 2242 596 2276 in
614 2246 691 2278 aula
719 2258 834 2281 coram
861 2246 1014 2280 Parocho
1046 2243 1227 2283 Testibus,
1253 2244 1283 2278 &
1311 2240 1591 2286 consanguineis,
1618 2239 1733 2282 super·

306 2287 470 2324 stantibus
495 2287 624 2323 Barone
648 2317 657 2330 ‚
683 2294 714 2326 ὅ(
741 2292 850 2327 Uxore
871 2292 1045 2327 consensus
1070 2292 1113 2325 ab
1139 2303 1183 2325 eo
1196 2289 1409 2335 exquiritur,
1435 2298 1477 2320 an
1502 2295 1727 2332 extorquetur

305 2336 473 2370 incertum
487 2363 496 2376 ‚
521 2348 623 2382 quem
640 2338 738 2372 miser
752 2338 810 2373 ille
825 2340 970 2374 tremula
988 2351 1092 2377 voce,
1117 2339 1148 2372 ὅ(
1162 2337 1262 2372 vultu
1276 2343 1433 2370 contorto
1446 2332 1598 2379 praestitit
1616 2361 1622 2367 .
1647 2331 1722 2366 Post

305 2383 363 2416 has
381 2384 517 2429 nuptias
538 2383 636 2419 illico
660 2387 697 2419 ad
721 2385 874 2425 judicem
890 2385 1066 2423 defertur,
1090 2393 1128 2417 ut
1151 2385 1265 2418 cautio
1289 2394 1307 2415 a
1338 2380 1461 2415 Libero
1486 2380 1656 2426 praestetur
1682 2378 1726 2413 de
1776 2419 1785 2425 κ

304 2430 395 2463 bene
420 2430 596 2465 tractando
611 2431 764 2475 sponsam
781 2433 998 2476 Uxoremque
1015 2458 1024 2470 ,
1049 2432 1151 2476 probe
1177 2427 1406 2475 prospiciente
1424 2426 1560 2465 Batone.
1578 2425 1730 2469 justam-
1761 2459 1771 2477 ,-

309 2475 421 2510 Liberi
446 2485 565 2512 contra
593 2478 689 2513 illam
716 2478 862 2515 futuram
885 2478 1075 2516 ultionem,
1099 2477 1131 2512 &
1156 2476 1307 2511 maximo
1335 2484 1411 2510 cum
1437 2474 1628 2510 discrimine
1644 2474 1727 2509 vitae

309 2523 558 2568 permansuram
582 2538 659 2561 cum
678 2527 769 2562 Viro
785 2555 792 2562 .

262 2569 335 2606 Vix
351 2569 499 2603 evaserat
518 2572 550 2604 in
571 2571 762 2608 libertatem
779 2573 924 2609 Maritus
936 2601 946 2613 ,
971 2572 1064 2618 cepit
1077 2570 1206 2606 amicos
1220 2569 1333 2606 testari
1346 2597 1357 2610 ‚
1382 2569 1414 2603 δι
1431 2579 1551 2614 rogare
1564 2595 1575 2609 ,
1601 2577 1638 2605 ut
1661 2568 1725 2605 fibi

309 2615 425 2663 praesto
439 2615 561 2666 essent,
587 2621 617 2652 ὅ(
636 2620 865 2656 testimonium
886 2622 1056 2656 referrent
1075 2619 1179 2654 illatae
1194 2619 1248 2654 vis
1262 2645 1271 2658 ‚
1297 2620 1330 2653 8<
1345 2624 1454 2650 metus
1473 2616 1613 2656 incasti,
1639 2617 1726 2651 [1138-

308 2674 372 2707 que
388 2662 464 2696 huic
481 2666 698 2700 matrimonio
713 2669 851 2702 omnino
865 2667 1082 2713 repugnantis
1098 2665 1289 2701 voluntatis
1305 2691 1314 2704 ,
1338 2675 1438 2710 quam
1464 2674 1505 2697 ne
1530 2673 1730 2699 mutatam

310 2708 405 2744 tuisse
421 2710 618 2751 censerent,
641 2722 700 2748 aut
713 2715 857 2750 dubium
881 2715 1018 2760 aliquod
1031 2713 1073 2748 de
1088 2723 1127 2746 ea
1151 2712 1319 2757 ingereret
1332 2711 1567 2752 cohabitatio,
1591 2713 1622 2747 &
1648 2710 1730 2745 vitae

1692 2768 1730 2791 aC
