1883 2907
35 890 240 929 ‘sessansapqi
282 894 285 897 ·

37 930 158 969 Stsfilz*
179 937 219 963 003
230 944 240 955 v

38 970 245 1009 &snum-12·

38 1011 72 1039 cle
88 1007 150 1038 Res·

464 199 466 201 ·
536 186 653 254 oie
686 133 973 254 sabbathi
1011 207 1071 269 9.
1107 177 1246 265 Julii
1293 188 1478 266 1740:

442 573 485 595 ,w
504 541 534 570 *S
553 581 554 587 ,
581 554 732 593 Uarum,
756 564 829 600 quae
847 552 1035 598 sequuntur
1054 577 1064 592 ,
1091 551 1272 589 Causarum
1306 553 1462 590 definitio
1485 552 1647 601 ampliata
1675 554 1743 593 fuit

516 618 518 620 ·
590 603 626 637 in
642 601 764 636 ultima
780 603 1040 648 Crngregatione
1055 598 1176 636 habita
1188 604 1241 637 die
1258 602 1309 639 18.
1321 604 1486 646 transabli
1499 600 1613 644 mensis
1626 604 1744 646 ffunii,

322 654 567 701 rescripserunt
588 649 679 684 enim
697 648 960 683 Eminentisiimi
976 647 1090 683 Patres
1104 667 1137 674 -—
1162 650 1284 684 Dilata
1305 651 1348 685 ad
1371 652 1570 697 sequentem
1591 659 1603 682 t
1625 647 1746 686 Postu-

323 703 431 785 largus
447 699 574 780 igitgtu
595 705 634 732 ut
650 697 781 732 Folium
796 696 895 732 illius
912 699 1189 744 Congregationis
1221 695 1348 735 iterum
1368 698 1505 744 legant,
1529 706 1600 742 quo
1612 706 1669 732 eas
1680 706 1743 733 ex-

322 762 365 799 pe
395 760 442 783 ire
468 759 513 794 po
540 753 615 780 int.
811 750 814 754 '

285 892 362 976 R
382 935 621 974 OSSANEN.
647 934 777 977 JURls
802 931 1171 971 PARTICIPANDI
1194 959 1204 974 ,
1231 933 1267 970 in
1285 945 1351 983 qua
1377 931 1647 982 respondendum
1669 933 1742 972 est·

283 993 341 1022 An
361 986 407 1029 fit
424 986 576 1028 standum
593 1009 603 1023 ,
624 985 685 1020 vel
700 984 918 1040 resedendum
941 994 961 1015 a
983 980 1098 1025 dectfis
1123 984 1157 1017 in
1185 983 1260 1026 casia
1272 987 1349 1020 &c-

285 1127 343 1165 Λᾶ
378 1081 417 1165 Ic?
437 1078 570 1135 Decifis
584 1105 595 1121 ,
620 1079 652 1116 &
669 1075 841 1127 amplius,
863 1075 1117 1128 compraehensa
1135 1076 1242 1114 etiam
1262 1074 1464 1115 haereditate
1487 1074 1747 1123 Archiepiscopi
1779 1090 1782 1092 ·

345 1138 385 1165 CO
408 1137 456 1165 atl
468 1155 477 1165 .
537 1161 540 1165 .

236 1291 246 1301 ·
287 1227 586 1315 LARINEN.
619 1270 655 1305 in
681 1280 748 1318 qua
766 1269 926 1317 quaeritur
940 1297 948 1306 .
1194 1285 1196 1287 >

230 1333 240 1343 ·
289 1323 347 1353 An
360 1318 406 1360 fit
418 1319 564 1360 standan
579 1343 590 1357 ‚
615 1320 675 1356 vel
691 1320 906 1356 recedendum
932 1330 952 1353 a
970 1316 1095 1360 Decists
1119 1318 1230 1364 quoad
1253 1317 1298 1351 II.
1310 1319 1369 1350 III.
1385 1318 1446 1349 IV.
1463 1319 1506 1350 V.
1522 1318 1566 1352 ψ
1589 1317 1664 1353 VII,
1685 1315 1751 1350 du-

333 1364 426 1402 bium
449 1369 484 1402 in
500 1366 575 1410 casu
590 1369 664 1403 &c-

383 1465 443 1501 Ad
458 1464 638 1501 secundum
653 1491 662 1504 ‚
689 1464 829 1500 tertium
842 1490 852 1503 ,
871 1463 903 1498 &
928 1473 1088 1509 quartum
1115 1463 1152 1498 in
1173 1460 1311 1501 decisis,
1332 1458 1448 1496 addita
1463 1458 1572 1506 quoad
1599 1467 1753 1507 quartam

288 1512 439 1548 clausula
467 1512 651 1548 dummodo
677 1523 745 1547 non
761 1518 902 1546 utantur
914 1510 1043 1549 sacco,
1065 1510 1123 1546 vel
1145 1509 1215 1546 alio
1229 1508 1429 1558 particulari
1455 1507 1573 1545 habitu
1587 1532 1599 1549 ‚
1620 1507 1653 1543 &
1675 1517 1751 1543 am-

290 1559 381 1608 plius
394 1585 404 1596 .
427 1560 482 1596 Ad
496 1561 653 1606 quintum
667 1586 678 1601 ,
706 1560 739 1595 &
752 1558 941 1607 septimum
953 1555 1138 1606 indecisis‚
1163 1557 1196 1594 &
1208 1556 1376 1605 amplius.

192 1743 199 1755 ·
242 1738 253 1754 ·
292 1746 384 1828 V
400 1744 727 1781 voRMATmN.
753 1742 1146 1786 JURISDICTlole
1170 1758 1181 1778 ι
1204 1719 1405 1788 Proponitur
1422 1737 1666 1776 haeccausain
1692 1738 1754 1774 hac

414 1799 573 1840 congreg.
587 1792 733 1840 imperio
752 1793 853 1834 hujus
869 1793 1034 1830 Senatus,
1057 1789 1114 1837 qui
1134 1791 1170 1826 in
1202 1798 1360 1835 Congreg.
1375 1786 1493 1823 habita
1515 1790 1569 1824 die
1589 1796 1642 1828 14.
1649 1786 1755 1833 supc-

341 1842 449 1875 rioris
462 1841 576 1883 mensis
589 1842 680 1876 Maii
693 1837 857 1884 rescripsit
868 1859 883 1868 ·-
897 1841 1032 1876 Dilata,
1046 1844 1308 1886 &proponatur
1323 1840 1356 1870 in
1378 1837 1505 1879 ifijulii
1520 1837 1626 1870 etiam
1643 1836 1755 1868 unica.

339 1886 502 1922 Poterunt
531 1887 644 1932 itaque
667 1886 876 1933 Amplislimi
901 1886 1017 1921 Patres
1041 1884 1174 1921 Folium
1204 1885 1297 1920 illius
1314 1880 1600 1929 Congregationis
1630 1881 1753 1915 iterum

339 1933 512 1970 consulere
526 1960 536 1973 ‚
562 1942 600 1967 ut
620 1931 704 1968 VII.
731 1938 805 1980 qu'ae
830 1933 1016 1978 sequuntur
1037 1958 1047 1971 ,
1071 1931 1310 1968 controversiae
1329 1932 1440 1974 capita
1465 1928 1628 1962 definiant
1646 1951 1656 1961 .

295 1987 319 2018 Ι.
347 1982 403 2016 An
427 1979 715 2015 Eminentiffimus
742 1980 944 2015 Ordinarius
969 1979 1238 2015 Vvormatiensis
1258 2003 1269 2016 ,
1295 1976 1353 2012 seu
1377 1975 1527 2018 ejusdem
1546 1973 1744 2009 Vicariatus

436 2026 536 2072 possit
551 2026 708 2062 inhibere
725 2026 955 2073 Regularibus
971 2025 1133 2062 Abbatiae
1148 2020 1378 2060 eberbacensis
1392 2021 1529 2058 Ordinis
1544 2019 1750 2056 Cistercien-
1787 2063 1790 2066 ‚

438 2073 477 2108 fis
491 2100 501 2113 ,
527 2084 571 2108 ne
590 2072 657 2108 fine
671 2076 798 2120 praevia
812 2075 883 2117 ejus
905 2073 1150 2121 approbatione
1173 2071 1344 2118 excipiant
1358 2068 1592 2106 Confessiones
1619 2067 1754 2102 Monia-

436 2120 522 2154 lium
535 2119 735 2156 Monasterii
757 2119 1065 2156 Matien—Munster
1087 2119 1234 2163 ejusdem
1256 2115 1434 2154 Ordinis?
1485 2117 1486 2122 ’
1741 2157 1750 2164 ⁸

296 2173 338 2205 ΙΙ.
364 2167 422 2203 An
447 2166 715 2203 Eminentiflimo
738 2167 919 2203 ordinario
943 2176 1114 2213 competat
1141 2168 1196 2208 Jus
1226 2163 1439 2202 intereffendi
1462 2189 1472 2203 ,
1500 2163 1533 2198 &
1558 2158 1753 2209 praesidendi

441 2212 663 2249 electionibus
678 2214 935 2250 Abbatiffarum
957 2215 1038 2250 dicti
1061 2213 1286 2251 Monasterii3

298 2267 359 2296 ΙΙΙ.
385 2261 443 2296 An
468 2258 567 2294 liceat
592 2260 706 2294 eidem
722 2260 994 2297 Eminentiffimo
1009 2262 1193 2298 Ordinatio
1207 2270 1322 2307 petere
1345 2257 1490 2293 rationes
1510 2253 1744 2291 Administra-

440 2306 541 2342 tionis
564 2307 730 2341 bonorum
754 2308 920 2354 ipsiusmet
943 2308 1174 2344 Monasterii.²
1464 2312 1469 2317 ‘

301 2362 358 2393 IV.
386 2355 446 2390 An
462 2353 573 2388 eidem
592 2352 857 2390 Eminentiffimo
873 2355 1062 2391 Ordinario
1075 2363 1248 2401 competat
1268 2353 1317 2395 jus
1327 2349 1522 2398 explorandi
1537 2348 1756 2385 voluntatem

440 2399 630 2445 puellarum
655 2400 964 2440 admittendarum,
989 2409 1058 2435 tam
1082 2402 1123 2437 ad
1147 2401 1324 2438 habitum,
1350 2409 1449 2444 quam
1470 2398 1509 2432 ad
1521 2394 1752 2443 proseffionem

441 2447 476 2482 in
489 2448 577 2481 dicio
600 2446 839 2482 Monasterio.²
863 2454 907 2482 Et
920 2457 1089 2494 qnatenus
1112 2447 1313 2492 affirmativi}
1332 2472 1339 2479 .

305 2500 348 2532 V.
373 2495 432 2530 An
454 2493 631 2530 occasione
658 2493 752 2530 dictae
773 2493 1010 2539 lintereffentiae
1033 2494 1231 2530 redditionis
1251 2491 1389 2527 rationis
1418 2518 1428 2531 ,
1452 2492 1485 2526 &
1503 2488 1752 2537 explorationis

444 2549 599 2576 teneatur
625 2541 872 2577 Monasterium
909 2541 949 2575 ad
971 2543 1121 2588 aliquam
1144 2539 1327 2588 expensam
1361 2549 1422 2584 pro
1445 2537 1612 2573 Ministris
1635 2534 1752 2572 Curiae

448 2585 653 2632 Episcopalis
671 2589 909 2624 Vvormantiae
926 2614 936 2628 ,
962 2589 1030 2624 five
1052 2601 1094 2626 ex
1105 2598 1315 2636 quocumque
1336 2586 1405 2621 alio
1416 2583 1547 2620 titulo.²

308 2639 366 2671 VI.
391 2633 450 2669 An
469 2632 602 2684 ‘pree-fati
625 2634 836 2681 Regulum,
862 2637 893 2670 &
910 2636 1079 2673 Moniales
1108 2636 1188 2683 cogi
1210 2634 1327 2684 poffint
1348 2642 1412 2680 per
1434 2631 1575 2669 mulctas
1597 2629 1759 2679 pecunia-

449 2690 514 2715 rias
530 2690 564 2713 1n
578 2679 716 2719 Casibus
743 2680 940 2728 praedictis?

1699 2725 1760 2760 An
