<?xml version="1.0" encoding="UTF-8"?>
<!DOCTYPE html PUBLIC "-//W3C//DTD XHTML 1.0 Transitional//EN"
    "http://www.w3.org/TR/xhtml1/DTD/xhtml1-transitional.dtd">
<html xmlns="http://www.w3.org/1999/xhtml" xml:lang="en" lang="en">
 <head>
  <title>
</title>
<meta http-equiv="Content-Type" content="text/html;charset=utf-8" />
  <meta name='ocr-system' content='tesseract 3.04.00' />
  <meta name='ocr-capabilities' content='ocr_page ocr_carea ocr_par ocr_line ocrx_word'/>
</head>
<body>
  <div class='ocr_page' id='page_1' title='image "./thesaurusresolut14cath_0313.png"; bbox 0 0 1901 2970; ppageno 0'>
   <div class='ocr_carea' id='block_1_1' title="bbox 25 71 1542 391">
    <p class='ocr_par' dir='ltr' id='par_1_1' title="bbox 25 71 1542 391">
     <span class='ocr_line' id='line_1_1' title="bbox 1505 71 1542 99; baseline -0.054 0"><span class='ocrx_word' id='word_1_1' title='bbox 1505 71 1542 99; x_wconf 76' lang='lat'>3¹</span> 
     </span>
     <span class='ocr_line' id='line_1_2' title="bbox 69 105 1542 153; baseline -0.006 -3"><span class='ocrx_word' id='word_1_2' title='bbox 69 123 147 150; x_wconf 80' lang='lat' dir='ltr'>cum</span> <span class='ocrx_word' id='word_1_3' title='bbox 159 109 270 148; x_wconf 85' lang='lat' dir='ltr'>nullas</span> <span class='ocrx_word' id='word_1_4' title='bbox 285 110 327 145; x_wconf 85' lang='lat' dir='ltr'>de</span> <span class='ocrx_word' id='word_1_5' title='bbox 350 107 421 149; x_wconf 78' lang='lat' dir='ltr'>elus</span> <span class='ocrx_word' id='word_1_6' title='bbox 447 105 665 142; x_wconf 84' lang='lat' dir='ltr'>invaliditate</span> <span class='ocrx_word' id='word_1_7' title='bbox 692 107 844 153; x_wconf 76' lang='lat' dir='ltr'>querelas</span> <span class='ocrx_word' id='word_1_8' title='bbox 862 108 1042 148; x_wconf 80' lang='lat' dir='ltr'>habuerit,</span> <span class='ocrx_word' id='word_1_9' title='bbox 1068 107 1180 150; x_wconf 71' lang='lat' dir='ltr'>itaut,</span> <span class='ocrx_word' id='word_1_10' title='bbox 1205 110 1312 145; x_wconf 79' lang='lat' dir='ltr'>ctiam</span> <span class='ocrx_word' id='word_1_11' title='bbox 1336 107 1357 142; x_wconf 79' lang='lat' dir='ltr'>fi</span> <span class='ocrx_word' id='word_1_12' title='bbox 1384 110 1426 145; x_wconf 88' lang='lat' dir='ltr'>ab</span> <span class='ocrx_word' id='word_1_13' title='bbox 1442 107 1542 143; x_wconf 85' lang='lat' dir='ltr'>initio</span> 
     </span>
     <span class='ocr_line' id='line_1_3' title="bbox 72 155 1539 205; baseline -0.005 -10"><span class='ocrx_word' id='word_1_14' title='bbox 72 161 144 196; x_wconf 86' lang='lat' dir='ltr'>dici</span> <span class='ocrx_word' id='word_1_15' title='bbox 167 155 272 205; x_wconf 78' lang='lat' dir='ltr'>posset</span> <span class='ocrx_word' id='word_1_16' title='bbox 293 168 371 192; x_wconf 86' lang='lat' dir='ltr'>eum</span> <span class='ocrx_word' id='word_1_17' title='bbox 385 166 445 201; x_wconf 85' lang='lat' dir='ltr'>per</span> <span class='ocrx_word' id='word_1_18' title='bbox 461 155 530 190; x_wconf 73' lang='lat' dir='ltr'>vitn</span> <span class='ocrx_word' id='word_1_19' title='bbox 547 182 555 194; x_wconf 91' lang='lat'>‚</span> <span class='ocrx_word' id='word_1_20' title='bbox 580 156 613 189; x_wconf 75' lang='lat'>8&lt;</span> <span class='ocrx_word' id='word_1_21' title='bbox 638 164 767 190; x_wconf 89' lang='lat' dir='ltr'>metum</span> <span class='ocrx_word' id='word_1_22' title='bbox 784 155 1030 192; x_wconf 83' lang='lat' dir='ltr'>l&#39;rofcssioncm</span> <span class='ocrx_word' id='word_1_23' title='bbox 1045 156 1180 192; x_wconf 85' lang='lat' dir='ltr'>emisisse</span> <span class='ocrx_word' id='word_1_24' title='bbox 1203 183 1212 195; x_wconf 93' lang='lat'><em>,</em></span> <span class='ocrx_word' id='word_1_25' title='bbox 1237 156 1322 192; x_wconf 82' lang='lat' dir='ltr'>nibil</span> <span class='ocrx_word' id='word_1_26' title='bbox 1348 167 1460 192; x_wconf 82' lang='lat' dir='ltr'>tamen</span> <span class='ocrx_word' id='word_1_27' title='bbox 1474 166 1539 188; x_wconf 88' lang='lat' dir='ltr'>ve—</span> 
     </span>
     <span class='ocr_line' id='line_1_4' title="bbox 72 202 1542 249; baseline -0.002 -11"><span class='ocrx_word' id='word_1_28' title='bbox 72 217 145 246; x_wconf 82' lang='lat' dir='ltr'>tet,</span> <span class='ocrx_word' id='word_1_29' title='bbox 172 202 395 242; x_wconf 52' lang='lat' dir='ltr'>ueniamus,</span> <span class='ocrx_word' id='word_1_30' title='bbox 423 202 573 249; x_wconf 81' lang='lat' dir='ltr'>deposito</span> <span class='ocrx_word' id='word_1_31' title='bbox 588 212 681 237; x_wconf 88' lang='lat' dir='ltr'>metu</span> <span class='ocrx_word' id='word_1_32' title='bbox 699 229 708 242; x_wconf 88' lang='lat'>,</span> <span class='ocrx_word' id='word_1_33' title='bbox 735 212 807 236; x_wconf 85' lang='lat' dir='ltr'>eam</span> <span class='ocrx_word' id='word_1_34' title='bbox 835 203 1079 239; x_wconf 82' lang='lat' dir='ltr'>r..tamhabcre</span> <span class='ocrx_word' id='word_1_35' title='bbox 1101 204 1351 245; x_wconf 79' lang='lat' dir='ltr'>voluissejuxta</span> <span class='ocrx_word' id='word_1_36' title='bbox 1370 202 1542 239; x_wconf 86' lang='lat' dir='ltr'>celebrem</span> 
     </span>
     <span class='ocr_line' id='line_1_5' title="bbox 72 249 1541 297; baseline -0.006 -7"><span class='ocrx_word' id='word_1_37' title='bbox 72 251 171 291; x_wconf 63' lang='lat' dir='ltr'>decisi</span> <span class='ocrx_word' id='word_1_38' title='bbox 197 261 278 294; x_wconf 82' lang='lat'><strong>952.</strong></span> <span class='ocrx_word' id='word_1_39' title='bbox 303 253 443 287; x_wconf 56' lang='lat' dir='ltr'>Emerix⁴</span> <span class='ocrx_word' id='word_1_40' title='bbox 467 253 554 294; x_wconf 69' lang='lat' dir='ltr'>‘Jun-</span> <span class='ocrx_word' id='word_1_41' title='bbox 583 250 665 284; x_wconf 73' lang='lat' dir='ltr'>Haec</span> <span class='ocrx_word' id='word_1_42' title='bbox 684 252 717 284; x_wconf 89' lang='lat' dir='ltr'>in</span> <span class='ocrx_word' id='word_1_43' title='bbox 745 249 855 285; x_wconf 83' lang='lat' dir='ltr'>Causa</span> <span class='ocrx_word' id='word_1_44' title='bbox 884 261 1139 297; x_wconf 83' lang='lat' dir='ltr'>proponuntur.</span> <span class='ocrx_word' id='word_1_45' title='bbox 1168 253 1265 288; x_wconf 86' lang='lat' dir='ltr'>Onus</span> <span class='ocrx_word' id='word_1_46' title='bbox 1287 252 1351 286; x_wconf 79' lang='lat' dir='ltr'>erit</span> <span class='ocrx_word' id='word_1_47' title='bbox 1378 249 1541 286; x_wconf 86' lang='lat' dir='ltr'>Eminen-</span> 
     </span>
     <span class='ocr_line' id='line_1_6' title="bbox 79 295 1218 343; baseline 0.001 -9"><span class='ocrx_word' id='word_1_48' title='bbox 79 298 281 337; x_wconf 83' lang='lat' dir='ltr'>tissimorum</span> <span class='ocrx_word' id='word_1_49' title='bbox 301 298 436 332; x_wconf 74' lang='lat' dir='ltr'>Parrum</span> <span class='ocrx_word' id='word_1_50' title='bbox 452 308 491 331; x_wconf 85' lang='lat' dir='ltr'>ea</span> <span class='ocrx_word' id='word_1_51' title='bbox 508 322 519 336; x_wconf 86' lang='lat'>,</span> <span class='ocrx_word' id='word_1_52' title='bbox 542 309 607 343; x_wconf 88' lang='lat' dir='ltr'>qua</span> <span class='ocrx_word' id='word_1_53' title='bbox 624 295 729 332; x_wconf 84' lang='lat' dir='ltr'>solent</span> <span class='ocrx_word' id='word_1_54' title='bbox 744 321 754 335; x_wconf 94' lang='lat'>,</span> <span class='ocrx_word' id='word_1_55' title='bbox 779 296 1039 342; x_wconf 81' lang='lat' dir='ltr'>jurisprudentia</span> <span class='ocrx_word' id='word_1_56' title='bbox 1053 296 1193 334; x_wconf 85' lang='lat' dir='ltr'>definire</span> <span class='ocrx_word' id='word_1_57' title='bbox 1207 324 1218 335; x_wconf 89' lang='lat'><strong>.</strong></span> 
     </span>
     <span class='ocr_line' id='line_1_7' title="bbox 25 346 992 391; baseline -0.002 -10"><span class='ocrx_word' id='word_1_58' title='bbox 25 349 82 385; x_wconf 80' lang='lat' dir='ltr'>An</span> <span class='ocrx_word' id='word_1_59' title='bbox 99 347 143 390; x_wconf 81' lang='lat' dir='ltr'>fit</span> <span class='ocrx_word' id='word_1_60' title='bbox 167 346 262 382; x_wconf 76' lang='lat' dir='ltr'>locus</span> <span class='ocrx_word' id='word_1_61' title='bbox 289 346 496 388; x_wconf 80' lang='lat' dir='ltr'>restitutioni</span> <span class='ocrx_word' id='word_1_62' title='bbox 508 347 544 381; x_wconf 81' lang='lat' dir='ltr'>in</span> <span class='ocrx_word' id='word_1_63' title='bbox 568 347 739 391; x_wconf 80' lang='lat' dir='ltr'>integrum</span> <span class='ocrx_word' id='word_1_64' title='bbox 756 349 790 380; x_wconf 87' lang='lat' dir='ltr'>in</span> <span class='ocrx_word' id='word_1_65' title='bbox 815 347 891 390; x_wconf 66' lang='lat' dir='ltr'>cusu</span> <span class='ocrx_word' id='word_1_66' title='bbox 915 349 992 382; x_wconf 56' lang='lat' dir='ltr'>(fc.</span> 
     </span>
    </p>
   </div>
   <div class='ocr_carea' id='block_1_2' title="bbox 92 452 1542 646">
    <p class='ocr_par' dir='ltr' id='par_1_2' title="bbox 92 452 1542 646">
     <span class='ocr_line' id='line_1_8' title="bbox 203 452 1542 523; baseline -0.003 -19"><span class='ocrx_word' id='word_1_67' title='bbox 203 452 393 504; x_wconf 81' lang='lat' dir='ltr'>Dilata</span> <span class='ocrx_word' id='word_1_68' title='bbox 417 491 430 513; x_wconf 85' lang='lat'>,</span> <span class='ocrx_word' id='word_1_69' title='bbox 467 460 517 506; x_wconf 72' lang='grc' dir='ltr'>ὃ(</span> <span class='ocrx_word' id='word_1_70' title='bbox 551 470 899 523; x_wconf 81' lang='lat' dir='ltr'>proponatur</span> <span class='ocrx_word' id='word_1_71' title='bbox 919 455 1087 507; x_wconf 83' lang='lat' dir='ltr'>Causa</span> <span class='ocrx_word' id='word_1_72' title='bbox 1108 495 1121 517; x_wconf 87' lang='lat'>‚</span> <span class='ocrx_word' id='word_1_73' title='bbox 1158 456 1336 508; x_wconf 84' lang='lat' dir='ltr'>citatis</span> <span class='ocrx_word' id='word_1_74' title='bbox 1372 453 1542 505; x_wconf 78' lang='lat' dir='ltr'>omni-</span> 
     </span>
     <span class='ocr_line' id='line_1_9' title="bbox 95 521 1542 589; baseline -0.003 -15"><span class='ocrx_word' id='word_1_75' title='bbox 95 523 194 574; x_wconf 88' lang='lat' dir='ltr'>bus</span> <span class='ocrx_word' id='word_1_76' title='bbox 223 521 466 574; x_wconf 72' lang='lat' dir='ltr'>Interesse</span> <span class='ocrx_word' id='word_1_77' title='bbox 487 523 806 575; x_wconf 73' lang='lat' dir='ltr'>habentibus</span> <span class='ocrx_word' id='word_1_78' title='bbox 841 525 907 575; x_wconf 84' lang='lat' dir='ltr'>ad</span> <span class='ocrx_word' id='word_1_79' title='bbox 927 525 1154 576; x_wconf 84' lang='lat' dir='ltr'>formam</span> <span class='ocrx_word' id='word_1_80' title='bbox 1185 523 1542 589; x_wconf 82' lang='lat' dir='ltr'>Constitutio-</span> 
     </span>
     <span class='ocr_line' id='line_1_10' title="bbox 92 592 1003 646; baseline 0.004 -4"><span class='ocrx_word' id='word_1_81' title='bbox 92 594 175 643; x_wconf 85' lang='lat' dir='ltr'>nis</span> <span class='ocrx_word' id='word_1_82' title='bbox 213 592 523 644; x_wconf 66' lang='lat' dir='ltr'>Sanetiffimi</span> <span class='ocrx_word' id='word_1_83' title='bbox 543 593 773 645; x_wconf 85' lang='lat' dir='ltr'>Domini</span> <span class='ocrx_word' id='word_1_84' title='bbox 805 593 970 644; x_wconf 85' lang='lat' dir='ltr'>nostri</span> <span class='ocrx_word' id='word_1_85' title='bbox 992 634 1003 646; x_wconf 90' lang='lat'><strong>.</strong></span> 
     </span>
    </p>
   </div>
   <div class='ocr_carea' id='block_1_3' title="bbox 24 718 1805 2092">
    <p class='ocr_par' dir='ltr' id='par_1_3' title="bbox 101 718 1805 818">
     <span class='ocr_line' id='line_1_11' title="bbox 101 718 1805 769; baseline 0 -13"><span class='ocrx_word' id='word_1_86' title='bbox 101 721 372 758; x_wconf 78' lang='lat' dir='ltr'>ERETRANA</span> <span class='ocrx_word' id='word_1_87' title='bbox 397 720 782 758; x_wconf 78' lang='lat' dir='ltr'>ALTERNATIVAE</span> <span class='ocrx_word' id='word_1_88' title='bbox 802 745 813 756; x_wconf 91' lang='lat'><strong><em>.</em></strong></span> <span class='ocrx_word' id='word_1_89' title='bbox 846 722 936 756; x_wconf 88' lang='lat' dir='ltr'>Cum</span> <span class='ocrx_word' id='word_1_90' title='bbox 965 720 1172 758; x_wconf 74' lang='lat' dir='ltr'>parochialis</span> <span class='ocrx_word' id='word_1_91' title='bbox 1191 721 1336 756; x_wconf 79' lang='lat' dir='ltr'>Ecclesia</span> <span class='ocrx_word' id='word_1_92' title='bbox 1360 722 1392 755; x_wconf 82' lang='lat' dir='ltr'>S.</span> <span class='ocrx_word' id='word_1_93' title='bbox 1421 718 1543 754; x_wconf 71' lang='lat' dir='ltr'>Mariae</span> <span class='ocrx_word' id='word_1_94' title='bbox 1577 722 1805 769; x_wconf 46' lang='lat' dir='ltr'>&amp;flami-4.</span> 
     </span>
     <span class='ocr_line' id='line_1_12' title="bbox 115 767 1698 818; baseline 0.004 -16"><span class='ocrx_word' id='word_1_95' title='bbox 115 767 197 803; x_wconf 83' lang='lat' dir='ltr'>fines</span> <span class='ocrx_word' id='word_1_96' title='bbox 221 769 293 810; x_wconf 74' lang='lat' dir='ltr'>suos</span> <span class='ocrx_word' id='word_1_97' title='bbox 319 778 414 804; x_wconf 69' lang='lat' dir='ltr'>extra</span> <span class='ocrx_word' id='word_1_98' title='bbox 429 770 546 805; x_wconf 64' lang='lat' dir='ltr'>maenia</span> <span class='ocrx_word' id='word_1_99' title='bbox 559 770 783 807; x_wconf 66' lang='lat' dir='ltr'>munitiffim</span> <span class='ocrx_word' id='word_1_100' title='bbox 800 768 900 804; x_wconf 73' lang='lat' dir='ltr'>Arci&gt;</span> <span class='ocrx_word' id='word_1_101' title='bbox 915 770 1023 802; x_wconf 67' lang='lat' dir='ltr'>Sancti</span> <span class='ocrx_word' id='word_1_102' title='bbox 1044 769 1163 805; x_wconf 81' lang='lat' dir='ltr'>Leonis</span> <span class='ocrx_word' id='word_1_103' title='bbox 1180 771 1281 814; x_wconf 79' lang='lat' dir='ltr'>longe</span> <span class='ocrx_word' id='word_1_104' title='bbox 1298 767 1512 814; x_wconf 83' lang='lat' dir='ltr'>protenderet</span> <span class='ocrx_word' id='word_1_105' title='bbox 1533 791 1543 804; x_wconf 74' lang='lat'><em>2</em></span> <span class='ocrx_word' id='word_1_106' title='bbox 1574 775 1614 809; x_wconf 85' lang='lat' dir='ltr'>dc</span> <span class='ocrx_word' id='word_1_107' title='bbox 1629 770 1698 818; x_wconf 78' lang='lat' dir='ltr'>Res·</span> 
     </span>
    </p>

    <p class='ocr_par' dir='ltr' id='par_1_4' title="bbox 63 812 1550 1996">
     <span class='ocr_line' id='line_1_13' title="bbox 71 812 1544 863; baseline -0.003 -11"><span class='ocrx_word' id='word_1_108' title='bbox 71 824 171 861; x_wconf 85' lang='lat' dir='ltr'>atque</span> <span class='ocrx_word' id='word_1_109' title='bbox 196 816 283 852; x_wconf 85' lang='lat' dir='ltr'>intra</span> <span class='ocrx_word' id='word_1_110' title='bbox 296 828 354 851; x_wconf 86' lang='lat' dir='ltr'>eos</span> <span class='ocrx_word' id='word_1_111' title='bbox 379 814 461 850; x_wconf 81' lang='lat' dir='ltr'>fines</span> <span class='ocrx_word' id='word_1_112' title='bbox 474 815 557 852; x_wconf 79' lang='lat' dir='ltr'>duas</span> <span class='ocrx_word' id='word_1_113' title='bbox 584 817 749 863; x_wconf 81' lang='lat' dir='ltr'>simplices</span> <span class='ocrx_word' id='word_1_114' title='bbox 776 815 937 851; x_wconf 83' lang='lat' dir='ltr'>Ecclesias</span> <span class='ocrx_word' id='word_1_115' title='bbox 967 817 1105 851; x_wconf 84' lang='lat' dir='ltr'>haberet</span> <span class='ocrx_word' id='word_1_116' title='bbox 1125 818 1159 851; x_wconf 90' lang='lat' dir='ltr'>S.</span> <span class='ocrx_word' id='word_1_117' title='bbox 1188 816 1302 851; x_wconf 74' lang='lat' dir='ltr'>Lucia:</span> <span class='ocrx_word' id='word_1_118' title='bbox 1329 841 1338 854; x_wconf 94' lang='lat'>,</span> <span class='ocrx_word' id='word_1_119' title='bbox 1366 815 1395 849; x_wconf 73' lang='lat'>8&lt;</span> <span class='ocrx_word' id='word_1_120' title='bbox 1413 815 1443 848; x_wconf 85' lang='lat' dir='ltr'>S.</span> <span class='ocrx_word' id='word_1_121' title='bbox 1466 812 1544 847; x_wconf 77' lang='lat' dir='ltr'>Bar-</span> 
     </span>
     <span class='ocr_line' id='line_1_14' title="bbox 69 859 1542 909; baseline -0.003 -12"><span class='ocrx_word' id='word_1_122' title='bbox 69 862 221 898; x_wconf 82' lang='lat' dir='ltr'>tolomaei</span> <span class='ocrx_word' id='word_1_123' title='bbox 237 890 246 902; x_wconf 96' lang='lat'>‚</span> <span class='ocrx_word' id='word_1_124' title='bbox 273 862 397 898; x_wconf 60' lang='lat' dir='ltr'>rustica:</span> <span class='ocrx_word' id='word_1_125' title='bbox 414 863 523 898; x_wconf 83' lang='lat' dir='ltr'>Plebis</span> <span class='ocrx_word' id='word_1_126' title='bbox 541 865 716 900; x_wconf 81' lang='lat' dir='ltr'>commodo</span> <span class='ocrx_word' id='word_1_127' title='bbox 736 874 872 898; x_wconf 87' lang='lat' dir='ltr'>cautum</span> <span class='ocrx_word' id='word_1_128' title='bbox 897 863 961 898; x_wconf 91' lang='lat' dir='ltr'>fuit</span> <span class='ocrx_word' id='word_1_129' title='bbox 985 875 1073 898; x_wconf 82' lang='lat' dir='ltr'>anno</span> <span class='ocrx_word' id='word_1_130' title='bbox 1104 876 1203 909; x_wconf 78' lang='lat'>1574.</span> <span class='ocrx_word' id='word_1_131' title='bbox 1228 863 1366 897; x_wconf 84' lang='lat' dir='ltr'>decreto</span> <span class='ocrx_word' id='word_1_132' title='bbox 1385 859 1542 905; x_wconf 76' lang='lat' dir='ltr'>Episcopi</span> 
     </span>
     <span class='ocr_line' id='line_1_15' title="bbox 73 907 1543 957; baseline -0.003 -13"><span class='ocrx_word' id='word_1_133' title='bbox 73 909 313 957; x_wconf 81' lang='lat' dir='ltr'>Famagustani</span> <span class='ocrx_word' id='word_1_134' title='bbox 343 909 538 945; x_wconf 78' lang='lat' dir='ltr'>Vifitatoris</span> <span class='ocrx_word' id='word_1_135' title='bbox 554 911 764 956; x_wconf 79' lang='lat' dir='ltr'>Apollolici,</span> <span class='ocrx_word' id='word_1_136' title='bbox 789 921 825 946; x_wconf 91' lang='lat' dir='ltr'>ut</span> <span class='ocrx_word' id='word_1_137' title='bbox 849 911 945 953; x_wconf 89' lang='lat' dir='ltr'>juxta</span> <span class='ocrx_word' id='word_1_138' title='bbox 966 912 1105 945; x_wconf 77' lang='lat' dir='ltr'>alteram</span> <span class='ocrx_word' id='word_1_139' title='bbox 1129 913 1271 946; x_wconf 80' lang='lat' dir='ltr'>duarum</span> <span class='ocrx_word' id='word_1_140' title='bbox 1292 907 1513 944; x_wconf 80' lang='lat' dir='ltr'>Ecclesiarum</span> <span class='ocrx_word' id='word_1_141' title='bbox 1533 931 1543 944; x_wconf 90' lang='lat'><strong>,</strong></span> 
     </span>
     <span class='ocr_line' id='line_1_16' title="bbox 65 953 1542 1004; baseline -0.003 -12"><span class='ocrx_word' id='word_1_142' title='bbox 65 955 169 1004; x_wconf 78' lang='lat' dir='ltr'>ipsius</span> <span class='ocrx_word' id='word_1_143' title='bbox 182 957 310 994; x_wconf 78' lang='lat' dir='ltr'>rusticae</span> <span class='ocrx_word' id='word_1_144' title='bbox 338 958 448 992; x_wconf 79' lang='lat' dir='ltr'>Plebis</span> <span class='ocrx_word' id='word_1_145' title='bbox 467 969 528 993; x_wconf 74' lang='lat' dir='ltr'>:ere</span> <span class='ocrx_word' id='word_1_146' title='bbox 543 959 678 994; x_wconf 81' lang='lat' dir='ltr'>conlato</span> <span class='ocrx_word' id='word_1_147' title='bbox 694 960 823 994; x_wconf 81' lang='lat' dir='ltr'>Domus</span> <span class='ocrx_word' id='word_1_148' title='bbox 840 956 1060 993; x_wconf 72' lang='lat' dir='ltr'>aedificaretur</span> <span class='ocrx_word' id='word_1_149' title='bbox 1077 985 1085 997; x_wconf 86' lang='lat'>,</span> <span class='ocrx_word' id='word_1_150' title='bbox 1111 970 1182 1004; x_wconf 90' lang='lat' dir='ltr'>quo</span> <span class='ocrx_word' id='word_1_151' title='bbox 1197 955 1297 1001; x_wconf 88' lang='lat' dir='ltr'>posset</span> <span class='ocrx_word' id='word_1_152' title='bbox 1313 953 1542 1003; x_wconf 82' lang='lat' dir='ltr'>Cappellanus</span> 
     </span>
     <span class='ocr_line' id='line_1_17' title="bbox 71 999 1542 1050; baseline -0.005 -10"><span class='ocrx_word' id='word_1_153' title='bbox 71 1005 224 1040; x_wconf 86' lang='lat' dir='ltr'>Curatus</span> <span class='ocrx_word' id='word_1_154' title='bbox 247 1005 297 1040; x_wconf 86' lang='lat' dir='ltr'>his</span> <span class='ocrx_word' id='word_1_155' title='bbox 328 1005 482 1040; x_wconf 86' lang='lat' dir='ltr'>Ecclefiis</span> <span class='ocrx_word' id='word_1_156' title='bbox 504 1005 777 1043; x_wconf 80' lang='lat' dir='ltr'>constitutusiis‚</span> <span class='ocrx_word' id='word_1_157' title='bbox 802 1005 859 1050; x_wconf 84' lang='lat' dir='ltr'>qui</span> <span class='ocrx_word' id='word_1_158' title='bbox 880 1016 975 1040; x_wconf 73' lang='lat' dir='ltr'>extra</span> <span class='ocrx_word' id='word_1_159' title='bbox 991 1005 1313 1041; x_wconf 74' lang='lat' dir='ltr'>maeniaincolebant</span> <span class='ocrx_word' id='word_1_160' title='bbox 1332 1030 1341 1043; x_wconf 86' lang='lat'>,</span> <span class='ocrx_word' id='word_1_161' title='bbox 1367 999 1542 1038; x_wconf 86' lang='lat' dir='ltr'>commode</span> 
     </span>
     <span class='ocr_line' id='line_1_18' title="bbox 71 1047 1541 1098; baseline -0.003 -10"><span class='ocrx_word' id='word_1_162' title='bbox 71 1053 285 1088; x_wconf 84' lang='lat' dir='ltr'>Sacramenta</span> <span class='ocrx_word' id='word_1_163' title='bbox 300 1051 525 1088; x_wconf 73' lang='lat' dir='ltr'>Ecclesiastica</span> <span class='ocrx_word' id='word_1_164' title='bbox 538 1053 725 1088; x_wconf 88' lang='lat' dir='ltr'>ministrare</span> <span class='ocrx_word' id='word_1_165' title='bbox 740 1080 747 1088; x_wconf 91' lang='lat'><strong>.</strong></span> <span class='ocrx_word' id='word_1_166' title='bbox 763 1052 815 1087; x_wconf 80' lang='lat' dir='ltr'>Re</span> <span class='ocrx_word' id='word_1_167' title='bbox 831 1051 981 1087; x_wconf 70' lang='lat' dir='ltr'>confecta</span> <span class='ocrx_word' id='word_1_168' title='bbox 996 1080 1004 1093; x_wconf 84' lang='grc'>,</span> <span class='ocrx_word' id='word_1_169' title='bbox 1031 1052 1220 1098; x_wconf 73' lang='lat' dir='ltr'>cedibusque</span> <span class='ocrx_word' id='word_1_170' title='bbox 1233 1049 1425 1088; x_wconf 56' lang='lat' dir='ltr'>redimaris,</span> <span class='ocrx_word' id='word_1_171' title='bbox 1449 1047 1541 1091; x_wconf 75' lang='lat' dir='ltr'>Cap-</span> 
     </span>
     <span class='ocr_line' id='line_1_19' title="bbox 69 1098 1541 1146; baseline -0.004 -13"><span class='ocrx_word' id='word_1_172' title='bbox 69 1099 199 1146; x_wconf 85' lang='lat' dir='ltr'>pellani</span> <span class='ocrx_word' id='word_1_173' title='bbox 223 1111 340 1135; x_wconf 85' lang='lat' dir='ltr'>omnes</span> <span class='ocrx_word' id='word_1_174' title='bbox 366 1098 412 1134; x_wconf 87' lang='lat' dir='ltr'>ad</span> <span class='ocrx_word' id='word_1_175' title='bbox 432 1099 503 1134; x_wconf 85' lang='lat' dir='ltr'>haec</span> <span class='ocrx_word' id='word_1_176' title='bbox 527 1100 628 1145; x_wconf 87' lang='lat' dir='ltr'>usque</span> <span class='ocrx_word' id='word_1_177' title='bbox 645 1110 794 1146; x_wconf 86' lang='lat' dir='ltr'>tempora</span> <span class='ocrx_word' id='word_1_178' title='bbox 810 1099 912 1134; x_wconf 86' lang='lat' dir='ltr'>titulo</span> <span class='ocrx_word' id='word_1_179' title='bbox 932 1100 1148 1143; x_wconf 67' lang='lat' dir='ltr'>Ecclefiarnm</span> <span class='ocrx_word' id='word_1_180' title='bbox 1164 1108 1197 1134; x_wconf 75' lang='lat' dir='ltr'>S.</span> <span class='ocrx_word' id='word_1_181' title='bbox 1224 1101 1329 1133; x_wconf 61' lang='lat' dir='ltr'>Lucis</span> <span class='ocrx_word' id='word_1_182' title='bbox 1347 1101 1390 1134; x_wconf 61' lang='lat'>&amp;-</span> <span class='ocrx_word' id='word_1_183' title='bbox 1407 1101 1441 1130; x_wconf 86' lang='lat' dir='ltr'>S.</span> <span class='ocrx_word' id='word_1_184' title='bbox 1455 1099 1541 1128; x_wconf 82' lang='lat' dir='ltr'>Bar-</span> 
     </span>
     <span class='ocr_line' id='line_1_20' title="bbox 70 1143 1541 1192; baseline -0.005 -10"><span class='ocrx_word' id='word_1_185' title='bbox 70 1148 217 1183; x_wconf 73' lang='lat' dir='ltr'>tolomaei</span> <span class='ocrx_word' id='word_1_186' title='bbox 236 1147 380 1182; x_wconf 81' lang='lat' dir='ltr'>instituti</span> <span class='ocrx_word' id='word_1_187' title='bbox 399 1145 492 1181; x_wconf 83' lang='lat' dir='ltr'>fuere</span> <span class='ocrx_word' id='word_1_188' title='bbox 508 1173 518 1186; x_wconf 85' lang='lat'><strong>,</strong></span> <span class='ocrx_word' id='word_1_189' title='bbox 543 1148 774 1192; x_wconf 74' lang='lat' dir='ltr'>diuturnaque</span> <span class='ocrx_word' id='word_1_190' title='bbox 791 1147 1031 1183; x_wconf 84' lang='lat' dir='ltr'>consuetudine</span> <span class='ocrx_word' id='word_1_191' title='bbox 1055 1147 1267 1182; x_wconf 84' lang='lat' dir='ltr'>observatum</span> <span class='ocrx_word' id='word_1_192' title='bbox 1282 1143 1373 1182; x_wconf 88' lang='lat' dir='ltr'>fuit,</span> <span class='ocrx_word' id='word_1_193' title='bbox 1397 1151 1434 1178; x_wconf 86' lang='lat' dir='ltr'>ut</span> <span class='ocrx_word' id='word_1_194' title='bbox 1451 1151 1541 1176; x_wconf 85' lang='lat' dir='ltr'>nunc</span> 
     </span>
     <span class='ocr_line' id='line_1_21' title="bbox 67 1187 1542 1237; baseline -0.005 -9"><span class='ocrx_word' id='word_1_195' title='bbox 67 1194 104 1228; x_wconf 88' lang='lat' dir='ltr'>in</span> <span class='ocrx_word' id='word_1_196' title='bbox 130 1204 218 1233; x_wconf 85' lang='lat' dir='ltr'>una,</span> <span class='ocrx_word' id='word_1_197' title='bbox 243 1195 379 1231; x_wconf 85' lang='lat' dir='ltr'>nuncin</span> <span class='ocrx_word' id='word_1_198' title='bbox 407 1193 517 1229; x_wconf 81' lang='lat' dir='ltr'>altera</span> <span class='ocrx_word' id='word_1_199' title='bbox 528 1195 716 1231; x_wconf 86' lang='lat' dir='ltr'>earumdem</span> <span class='ocrx_word' id='word_1_200' title='bbox 738 1194 879 1229; x_wconf 67' lang='lat' dir='ltr'>duarum</span> <span class='ocrx_word' id='word_1_201' title='bbox 900 1193 1116 1229; x_wconf 81' lang='lat' dir='ltr'>Eccleliarum</span> <span class='ocrx_word' id='word_1_202' title='bbox 1131 1206 1187 1237; x_wconf 82' lang='lat' dir='ltr'>per</span> <span class='ocrx_word' id='word_1_203' title='bbox 1203 1193 1351 1227; x_wconf 83' lang='lat' dir='ltr'>alternas</span> <span class='ocrx_word' id='word_1_204' title='bbox 1370 1191 1464 1225; x_wconf 84' lang='lat' dir='ltr'>vices</span> <span class='ocrx_word' id='word_1_205' title='bbox 1493 1187 1542 1222; x_wconf 80' lang='lat' dir='ltr'>fe—</span> 
     </span>
     <span class='ocr_line' id='line_1_22' title="bbox 68 1235 1540 1290; baseline -0.005 -14"><span class='ocrx_word' id='word_1_206' title='bbox 68 1239 124 1276; x_wconf 86' lang='lat' dir='ltr'>stis</span> <span class='ocrx_word' id='word_1_207' title='bbox 143 1240 261 1276; x_wconf 85' lang='lat' dir='ltr'>diebus</span> <span class='ocrx_word' id='word_1_208' title='bbox 275 1242 373 1276; x_wconf 85' lang='lat' dir='ltr'>Sacra</span> <span class='ocrx_word' id='word_1_209' title='bbox 396 1250 560 1286; x_wconf 79' lang='lat' dir='ltr'>agerent.</span> <span class='ocrx_word' id='word_1_210' title='bbox 586 1243 712 1290; x_wconf 80' lang='lat' dir='ltr'>Nuper</span> <span class='ocrx_word' id='word_1_211' title='bbox 727 1253 809 1276; x_wconf 88' lang='lat' dir='ltr'>vero</span> <span class='ocrx_word' id='word_1_212' title='bbox 825 1241 977 1275; x_wconf 78' lang='lat' dir='ltr'>M1chael</span> <span class='ocrx_word' id='word_1_213' title='bbox 995 1235 1540 1285; x_wconf 80' lang='lat' dir='ltr'>PandolphiniusCappellaniam</span> 
     </span>
     <span class='ocr_line' id='line_1_23' title="bbox 69 1282 1542 1335; baseline -0.005 -12"><span class='ocrx_word' id='word_1_214' title='bbox 69 1289 156 1323; x_wconf 86' lang='lat' dir='ltr'>hanc</span> <span class='ocrx_word' id='word_1_215' title='bbox 180 1287 368 1335; x_wconf 82' lang='lat' dir='ltr'>assequutus</span> <span class='ocrx_word' id='word_1_216' title='bbox 383 1314 393 1328; x_wconf 87' lang='lat'><em>,</em></span> <span class='ocrx_word' id='word_1_217' title='bbox 417 1299 492 1322; x_wconf 91' lang='lat' dir='ltr'>cum</span> <span class='ocrx_word' id='word_1_218' title='bbox 515 1289 715 1334; x_wconf 84' lang='lat' dir='ltr'>originarius</span> <span class='ocrx_word' id='word_1_219' title='bbox 729 1301 747 1323; x_wconf 88' lang='lat' dir='ltr'>e</span> <span class='ocrx_word' id='word_1_220' title='bbox 768 1288 867 1323; x_wconf 81' lang='lat' dir='ltr'>Plebe</span> <span class='ocrx_word' id='word_1_221' title='bbox 894 1289 925 1323; x_wconf 83' lang='lat' dir='ltr'>S.</span> <span class='ocrx_word' id='word_1_222' title='bbox 943 1289 1053 1324; x_wconf 62' lang='lat' dir='ltr'>Lucia:</span> <span class='ocrx_word' id='word_1_223' title='bbox 1079 1299 1195 1323; x_wconf 87' lang='lat' dir='ltr'>omnes</span> <span class='ocrx_word' id='word_1_224' title='bbox 1210 1298 1295 1332; x_wconf 84' lang='lat' dir='ltr'>pene</span> <span class='ocrx_word' id='word_1_225' title='bbox 1321 1284 1415 1319; x_wconf 85' lang='lat' dir='ltr'>illius</span> <span class='ocrx_word' id='word_1_226' title='bbox 1430 1282 1542 1317; x_wconf 83' lang='lat' dir='ltr'>homi-</span> 
     </span>
     <span class='ocr_line' id='line_1_24' title="bbox 69 1329 1544 1381; baseline -0.002 -12"><span class='ocrx_word' id='word_1_227' title='bbox 69 1346 128 1370; x_wconf 84' lang='lat' dir='ltr'>nes</span> <span class='ocrx_word' id='word_1_228' title='bbox 151 1333 361 1374; x_wconf 78' lang='lat' dir='ltr'>adfinitatis,</span> <span class='ocrx_word' id='word_1_229' title='bbox 388 1338 445 1369; x_wconf 88' lang='lat' dir='ltr'>vel</span> <span class='ocrx_word' id='word_1_230' title='bbox 469 1336 775 1381; x_wconf 72' lang='lat' dir='ltr'>consanguinitatis</span> <span class='ocrx_word' id='word_1_231' title='bbox 790 1335 930 1369; x_wconf 85' lang='lat' dir='ltr'>vinculo</span> <span class='ocrx_word' id='word_1_232' title='bbox 954 1336 1154 1377; x_wconf 51' lang='lat' dir='ltr'>conjunctos</span> <span class='ocrx_word' id='word_1_233' title='bbox 1170 1335 1292 1369; x_wconf 78' lang='lat' dir='ltr'>habeat</span> <span class='ocrx_word' id='word_1_234' title='bbox 1308 1360 1315 1369; x_wconf 83' lang='grc'>,</span> <span class='ocrx_word' id='word_1_235' title='bbox 1343 1331 1378 1364; x_wconf 86' lang='lat' dir='ltr'>in</span> <span class='ocrx_word' id='word_1_236' title='bbox 1397 1329 1544 1365; x_wconf 78' lang='lat' dir='ltr'>Ecclesia</span> 
     </span>
     <span class='ocr_line' id='line_1_25' title="bbox 69 1375 1542 1427; baseline -0.005 -10"><span class='ocrx_word' id='word_1_237' title='bbox 69 1391 202 1417; x_wconf 83' lang='lat' dir='ltr'>tantum</span> <span class='ocrx_word' id='word_1_238' title='bbox 218 1383 246 1418; x_wconf 82' lang='lat' dir='ltr'>S.</span> <span class='ocrx_word' id='word_1_239' title='bbox 275 1382 390 1417; x_wconf 82' lang='lat' dir='ltr'>Luciae</span> <span class='ocrx_word' id='word_1_240' title='bbox 405 1381 536 1417; x_wconf 84' lang='lat' dir='ltr'>Divina</span> <span class='ocrx_word' id='word_1_241' title='bbox 562 1382 724 1427; x_wconf 81' lang='lat' dir='ltr'>persolvit</span> <span class='ocrx_word' id='word_1_242' title='bbox 744 1409 754 1419; x_wconf 90' lang='lat'><strong>.</strong></span> <span class='ocrx_word' id='word_1_243' title='bbox 782 1382 820 1416; x_wconf 83' lang='lat' dir='ltr'>ld</span> <span class='ocrx_word' id='word_1_244' title='bbox 842 1393 927 1425; x_wconf 78' lang='lat' dir='ltr'>aegre</span> <span class='ocrx_word' id='word_1_245' title='bbox 943 1382 1051 1417; x_wconf 81' lang='lat' dir='ltr'>ferens</span> <span class='ocrx_word' id='word_1_246' title='bbox 1067 1382 1211 1419; x_wconf 69' lang='lat' dir='ltr'>Ponulus</span> <span class='ocrx_word' id='word_1_247' title='bbox 1240 1377 1394 1414; x_wconf 74' lang='lat' dir='ltr'>Ecclefiae</span> <span class='ocrx_word' id='word_1_248' title='bbox 1411 1380 1441 1412; x_wconf 84' lang='lat' dir='ltr'>S.</span> <span class='ocrx_word' id='word_1_249' title='bbox 1462 1375 1542 1410; x_wconf 84' lang='lat' dir='ltr'>Bar-</span> 
     </span>
     <span class='ocr_line' id='line_1_26' title="bbox 67 1424 1546 1477; baseline -0.005 -13"><span class='ocrx_word' id='word_1_250' title='bbox 67 1429 240 1468; x_wconf 75' lang='lat' dir='ltr'>tolomaei‚</span> <span class='ocrx_word' id='word_1_251' title='bbox 265 1440 305 1464; x_wconf 88' lang='lat' dir='ltr'>ne</span> <span class='ocrx_word' id='word_1_252' title='bbox 329 1430 668 1477; x_wconf 50' lang='lat' dir='ltr'>detrlmentialiquid</span> <span class='ocrx_word' id='word_1_253' title='bbox 701 1438 835 1476; x_wconf 76' lang='lat' dir='ltr'>caperet</span> <span class='ocrx_word' id='word_1_254' title='bbox 858 1430 1095 1464; x_wconf 80' lang='lat' dir='ltr'>intermiilione</span> <span class='ocrx_word' id='word_1_255' title='bbox 1121 1427 1357 1465; x_wconf 61' lang='lat' dir='ltr'>alternatim,</span> <span class='ocrx_word' id='word_1_256' title='bbox 1381 1425 1467 1460; x_wconf 86' lang='lat' dir='ltr'>adiit</span> <span class='ocrx_word' id='word_1_257' title='bbox 1484 1424 1546 1457; x_wconf 86' lang='lat' dir='ltr'>dc·-</span> 
     </span>
     <span class='ocr_line' id='line_1_27' title="bbox 68 1470 1545 1522; baseline -0.002 -9"><span class='ocrx_word' id='word_1_258' title='bbox 68 1477 220 1513; x_wconf 64' lang='lat' dir='ltr'>suncstum</span> <span class='ocrx_word' id='word_1_259' title='bbox 245 1475 448 1522; x_wconf 84' lang='lat' dir='ltr'>Episcopum</span> <span class='ocrx_word' id='word_1_260' title='bbox 469 1478 687 1512; x_wconf 84' lang='lat' dir='ltr'>Feretranum</span> <span class='ocrx_word' id='word_1_261' title='bbox 706 1507 715 1519; x_wconf 95' lang='lat'>,</span> <span class='ocrx_word' id='word_1_262' title='bbox 740 1477 824 1522; x_wconf 86' lang='lat' dir='ltr'>qui,</span> <span class='ocrx_word' id='word_1_263' title='bbox 850 1477 930 1511; x_wconf 85' lang='lat' dir='ltr'>dum</span> <span class='ocrx_word' id='word_1_264' title='bbox 950 1477 982 1510; x_wconf 83' lang='lat' dir='ltr'>in</span> <span class='ocrx_word' id='word_1_265' title='bbox 1012 1480 1108 1512; x_wconf 79' lang='lat' dir='ltr'>Sacra</span> <span class='ocrx_word' id='word_1_266' title='bbox 1122 1474 1331 1511; x_wconf 81' lang='lat' dir='ltr'>Visitatione</span> <span class='ocrx_word' id='word_1_267' title='bbox 1353 1471 1456 1510; x_wconf 77' lang='lat' dir='ltr'>esset,</span> <span class='ocrx_word' id='word_1_268' title='bbox 1482 1470 1545 1505; x_wconf 80' lang='lat' dir='ltr'>de·</span> 
     </span>
     <span class='ocr_line' id='line_1_28' title="bbox 68 1518 1545 1569; baseline -0.006 -9"><span class='ocrx_word' id='word_1_269' title='bbox 68 1533 165 1561; x_wconf 90' lang='lat' dir='ltr'>creto</span> <span class='ocrx_word' id='word_1_270' title='bbox 183 1524 238 1559; x_wconf 90' lang='lat' dir='ltr'>suo</span> <span class='ocrx_word' id='word_1_271' title='bbox 260 1524 378 1557; x_wconf 82' lang='lat' dir='ltr'>annuit</span> <span class='ocrx_word' id='word_1_272' title='bbox 395 1524 502 1558; x_wconf 80' lang='lat' dir='ltr'>Plebis</span> <span class='ocrx_word' id='word_1_273' title='bbox 522 1525 612 1560; x_wconf 80' lang='lat' dir='ltr'>illius</span> <span class='ocrx_word' id='word_1_274' title='bbox 639 1523 856 1569; x_wconf 73' lang='lat' dir='ltr'>postulationi</span> <span class='ocrx_word' id='word_1_275' title='bbox 875 1536 884 1561; x_wconf 82' lang='lat'>3</span> <span class='ocrx_word' id='word_1_276' title='bbox 909 1524 966 1558; x_wconf 86' lang='lat' dir='ltr'>sed</span> <span class='ocrx_word' id='word_1_277' title='bbox 980 1535 1090 1560; x_wconf 75' lang='lat' dir='ltr'>morte</span> <span class='ocrx_word' id='word_1_278' title='bbox 1104 1524 1200 1559; x_wconf 86' lang='lat' dir='ltr'>obita</span> <span class='ocrx_word' id='word_1_279' title='bbox 1219 1522 1260 1557; x_wconf 86' lang='lat' dir='ltr'>ab</span> <span class='ocrx_word' id='word_1_280' title='bbox 1273 1521 1389 1555; x_wconf 86' lang='lat' dir='ltr'>eodem</span> <span class='ocrx_word' id='word_1_281' title='bbox 1412 1518 1545 1564; x_wconf 83' lang='lat' dir='ltr'>Episco-</span> 
     </span>
     <span class='ocr_line' id='line_1_29' title="bbox 69 1563 1547 1618; baseline -0.005 -12"><span class='ocrx_word' id='word_1_282' title='bbox 69 1584 114 1618; x_wconf 86' lang='lat' dir='ltr'>po</span> <span class='ocrx_word' id='word_1_283' title='bbox 127 1598 136 1610; x_wconf 89' lang='lat'>‚</span> <span class='ocrx_word' id='word_1_284' title='bbox 162 1571 309 1615; x_wconf 88' lang='lat' dir='ltr'>Populus</span> <span class='ocrx_word' id='word_1_285' title='bbox 332 1570 366 1604; x_wconf 87' lang='lat' dir='ltr'>S.</span> <span class='ocrx_word' id='word_1_286' title='bbox 380 1569 493 1607; x_wconf 68' lang='lat' dir='ltr'>Lucix</span> <span class='ocrx_word' id='word_1_287' title='bbox 507 1571 686 1614; x_wconf 83' lang='lat' dir='ltr'>postulavit</span> <span class='ocrx_word' id='word_1_288' title='bbox 706 1574 749 1608; x_wconf 82' lang='lat' dir='ltr'>ab</span> <span class='ocrx_word' id='word_1_289' title='bbox 768 1570 991 1616; x_wconf 78' lang='lat' dir='ltr'>Amplillimis</span> <span class='ocrx_word' id='word_1_290' title='bbox 1009 1572 1164 1607; x_wconf 69' lang='lat' dir='ltr'>Patribus</span> <span class='ocrx_word' id='word_1_291' title='bbox 1179 1597 1186 1606; x_wconf 77' lang='grc'>,</span> <span class='ocrx_word' id='word_1_292' title='bbox 1213 1578 1250 1604; x_wconf 87' lang='lat' dir='ltr'>ut</span> <span class='ocrx_word' id='word_1_293' title='bbox 1274 1568 1448 1602; x_wconf 88' lang='lat' dir='ltr'>decretum</span> <span class='ocrx_word' id='word_1_294' title='bbox 1462 1563 1547 1599; x_wconf 82' lang='lat' dir='ltr'>illud</span> 
     </span>
     <span class='ocr_line' id='line_1_30' title="bbox 69 1611 1545 1666; baseline -0.005 -12"><span class='ocrx_word' id='word_1_295' title='bbox 69 1618 264 1654; x_wconf 85' lang='lat' dir='ltr'>irritaretur</span> <span class='ocrx_word' id='word_1_296' title='bbox 278 1643 287 1651; x_wconf 90' lang='lat'>.</span> <span class='ocrx_word' id='word_1_297' title='bbox 315 1617 445 1653; x_wconf 85' lang='lat' dir='ltr'>Audito</span> <span class='ocrx_word' id='word_1_298' title='bbox 475 1619 610 1654; x_wconf 84' lang='lat' dir='ltr'>Vicario</span> <span class='ocrx_word' id='word_1_299' title='bbox 629 1620 828 1666; x_wconf 81' lang='lat' dir='ltr'>Apostolico</span> <span class='ocrx_word' id='word_1_300' title='bbox 845 1642 854 1656; x_wconf 83' lang='lat'>‚</span> <span class='ocrx_word' id='word_1_301' title='bbox 879 1618 938 1663; x_wconf 84' lang='lat' dir='ltr'>qui</span> <span class='ocrx_word' id='word_1_302' title='bbox 954 1630 1040 1653; x_wconf 85' lang='lat' dir='ltr'>nunc</span> <span class='ocrx_word' id='word_1_303' title='bbox 1055 1618 1240 1663; x_wconf 70' lang='lat' dir='ltr'>Episcopus</span> <span class='ocrx_word' id='word_1_304' title='bbox 1263 1617 1466 1660; x_wconf 72' lang='lat' dir='ltr'>Ferettjanus</span> <span class='ocrx_word' id='word_1_305' title='bbox 1479 1611 1524 1646; x_wconf 87' lang='lat' dir='ltr'>est</span> <span class='ocrx_word' id='word_1_306' title='bbox 1536 1638 1545 1651; x_wconf 86' lang='lat'><strong>,</strong></span> 
     </span>
     <span class='ocr_line' id='line_1_31' title="bbox 69 1662 1546 1715; baseline -0.012 -14"><span class='ocrx_word' id='word_1_307' title='bbox 69 1665 264 1711; x_wconf 77' lang='lat' dir='ltr'>rescriptum</span> <span class='ocrx_word' id='word_1_308' title='bbox 289 1663 354 1699; x_wconf 64' lang='lat' dir='ltr'>fnit</span> <span class='ocrx_word' id='word_1_309' title='bbox 371 1682 413 1690; x_wconf 84' lang='grc'>-·</span> <span class='ocrx_word' id='word_1_310' title='bbox 439 1664 599 1715; x_wconf 72' lang='lat' dir='ltr'>Episcopo</span> <span class='ocrx_word' id='word_1_311' title='bbox 623 1670 685 1715; x_wconf 78' lang='lat' dir='ltr'>qui</span> <span class='ocrx_word' id='word_1_312' title='bbox 712 1667 847 1703; x_wconf 75' lang='lat' dir='ltr'>mandet</span> <span class='ocrx_word' id='word_1_313' title='bbox 861 1668 1000 1705; x_wconf 61' lang='lat' dir='ltr'>servari</span> <span class='ocrx_word' id='word_1_314' title='bbox 1028 1667 1048 1699; x_wconf 74' lang='grc' dir='ltr'>[ζ</span> <span class='ocrx_word' id='word_1_315' title='bbox 1061 1666 1281 1711; x_wconf 53' lang='lat' dir='ltr'>lif-,mjartcz</span> <span class='ocrx_word' id='word_1_316' title='bbox 1296 1664 1469 1696; x_wconf 74' lang='lat' dir='ltr'>decretum</span> <span class='ocrx_word' id='word_1_317' title='bbox 1486 1662 1546 1694; x_wconf 77' lang='lat' dir='ltr'>Vi.</span> 
     </span>
     <span class='ocr_line' id='line_1_32' title="bbox 63 1707 1548 1760; baseline -0.007 -12"><span class='ocrx_word' id='word_1_318' title='bbox 63 1714 222 1758; x_wconf 68' lang='lat' dir='ltr'>fic.1t0⁷-is</span> <span class='ocrx_word' id='word_1_319' title='bbox 241 1711 484 1760; x_wconf 47' lang='lat' dir='ltr'>apostolici„</span> <span class='ocrx_word' id='word_1_320' title='bbox 511 1714 545 1748; x_wconf 88' lang='lat' dir='ltr'>in</span> <span class='ocrx_word' id='word_1_321' title='bbox 559 1726 627 1760; x_wconf 89' lang='lat' dir='ltr'>quo</span> <span class='ocrx_word' id='word_1_322' title='bbox 656 1724 770 1749; x_wconf 82' lang='lat' dir='ltr'>tamen</span> <span class='ocrx_word' id='word_1_323' title='bbox 787 1724 862 1746; x_wconf 87' lang='lat' dir='ltr'>cum</span> <span class='ocrx_word' id='word_1_324' title='bbox 887 1711 972 1745; x_wconf 79' lang='lat' dir='ltr'>nihil</span> <span class='ocrx_word' id='word_1_325' title='bbox 987 1713 1067 1747; x_wconf 60' lang='lat' dir='ltr'>esset</span> <span class='ocrx_word' id='word_1_326' title='bbox 1093 1709 1281 1756; x_wconf 83' lang='lat' dir='ltr'>expressum</span> <span class='ocrx_word' id='word_1_327' title='bbox 1294 1708 1334 1744; x_wconf 86' lang='lat' dir='ltr'>dc</span> <span class='ocrx_word' id='word_1_328' title='bbox 1360 1708 1423 1742; x_wconf 85' lang='lat' dir='ltr'>hac</span> <span class='ocrx_word' id='word_1_329' title='bbox 1440 1707 1548 1740; x_wconf 78' lang='lat' dir='ltr'>alter-</span> 
     </span>
     <span class='ocr_line' id='line_1_33' title="bbox 69 1754 1546 1809; baseline -0.001 -13"><span class='ocrx_word' id='word_1_330' title='bbox 69 1760 190 1796; x_wconf 86' lang='lat' dir='ltr'>nativa</span> <span class='ocrx_word' id='word_1_331' title='bbox 205 1787 214 1800; x_wconf 94' lang='lat'>,</span> <span class='ocrx_word' id='word_1_332' title='bbox 240 1759 419 1796; x_wconf 89' lang='lat' dir='ltr'>contendit</span> <span class='ocrx_word' id='word_1_333' title='bbox 434 1770 525 1796; x_wconf 88' lang='lat' dir='ltr'>nunc</span> <span class='ocrx_word' id='word_1_334' title='bbox 551 1763 700 1809; x_wconf 84' lang='lat' dir='ltr'>Populus</span> <span class='ocrx_word' id='word_1_335' title='bbox 727 1759 874 1795; x_wconf 78' lang='lat' dir='ltr'>Ecclesiae</span> <span class='ocrx_word' id='word_1_336' title='bbox 893 1760 923 1793; x_wconf 84' lang='lat' dir='ltr'>S.</span> <span class='ocrx_word' id='word_1_337' title='bbox 939 1758 1157 1795; x_wconf 80' lang='lat' dir='ltr'>Bartolomaei</span> <span class='ocrx_word' id='word_1_338' title='bbox 1176 1757 1420 1791; x_wconf 69' lang='lat' dir='ltr'>alt‹’rnativa11¹</span> <span class='ocrx_word' id='word_1_339' title='bbox 1435 1754 1523 1788; x_wconf 66' lang='lat' dir='ltr'>hanc</span> <span class='ocrx_word' id='word_1_340' title='bbox 1536 1778 1546 1791; x_wconf 83' lang='lat'><em>‚</em></span> 
     </span>
     <span class='ocr_line' id='line_1_34' title="bbox 69 1802 1547 1855; baseline -0.005 -14"><span class='ocrx_word' id='word_1_341' title='bbox 69 1819 173 1855; x_wconf 86' lang='lat' dir='ltr'>quam</span> <span class='ocrx_word' id='word_1_342' title='bbox 198 1819 239 1842; x_wconf 86' lang='lat' dir='ltr'>ex</span> <span class='ocrx_word' id='word_1_343' title='bbox 259 1806 346 1842; x_wconf 64' lang='lat' dir='ltr'>fauo</span> <span class='ocrx_word' id='word_1_344' title='bbox 365 1808 509 1853; x_wconf 86' lang='lat' dir='ltr'>probant</span> <span class='ocrx_word' id='word_1_345' title='bbox 535 1809 673 1854; x_wconf 72' lang='lat' dir='ltr'>plurimi</span> <span class='ocrx_word' id='word_1_346' title='bbox 693 1809 788 1844; x_wconf 81' lang='lat' dir='ltr'>testes</span> <span class='ocrx_word' id='word_1_347' title='bbox 815 1807 1073 1851; x_wconf 82' lang='lat' dir='ltr'>spetuagenario</span> <span class='ocrx_word' id='word_1_348' title='bbox 1101 1807 1242 1846; x_wconf 75' lang='lat' dir='ltr'>maiores</span> <span class='ocrx_word' id='word_1_349' title='bbox 1262 1814 1304 1836; x_wconf 85' lang='lat' dir='ltr'>ex</span> <span class='ocrx_word' id='word_1_350' title='bbox 1323 1802 1392 1842; x_wconf 69' lang='lat' dir='ltr'>iure</span> <span class='ocrx_word' id='word_1_351' title='bbox 1417 1811 1547 1846; x_wconf 81' lang='lat' dir='ltr'>quoque</span> 
     </span>
     <span class='ocr_line' id='line_1_35' title="bbox 71 1847 1550 1901; baseline -0.007 -11"><span class='ocrx_word' id='word_1_352' title='bbox 71 1856 133 1890; x_wconf 77' lang='lat' dir='ltr'>esse</span> <span class='ocrx_word' id='word_1_353' title='bbox 147 1854 345 1890; x_wconf 82' lang='lat' dir='ltr'>servandam</span> <span class='ocrx_word' id='word_1_354' title='bbox 363 1882 370 1889; x_wconf 93' lang='lat'><strong><em>.</em></strong></span> <span class='ocrx_word' id='word_1_355' title='bbox 396 1855 492 1901; x_wconf 82' lang='lat' dir='ltr'>Qid</span> <span class='ocrx_word' id='word_1_356' title='bbox 516 1866 636 1891; x_wconf 89' lang='lat' dir='ltr'>contra</span> <span class='ocrx_word' id='word_1_357' title='bbox 650 1856 736 1891; x_wconf 79' lang='lat' dir='ltr'>ferat</span> <span class='ocrx_word' id='word_1_358' title='bbox 757 1853 904 1888; x_wconf 69' lang='lat' dir='ltr'>michael</span> <span class='ocrx_word' id='word_1_359' title='bbox 936 1852 1203 1898; x_wconf 82' lang='lat' dir='ltr'>Pandolphinius</span> <span class='ocrx_word' id='word_1_360' title='bbox 1220 1878 1229 1890; x_wconf 92' lang='lat'>‚</span> <span class='ocrx_word' id='word_1_361' title='bbox 1257 1851 1287 1884; x_wconf 86' lang='lat'>&amp;</span> <span class='ocrx_word' id='word_1_362' title='bbox 1315 1848 1413 1885; x_wconf 85' lang='lat' dir='ltr'>Plebs</span> <span class='ocrx_word' id='word_1_363' title='bbox 1429 1847 1550 1881; x_wconf 81' lang='lat' dir='ltr'>Eccle-</span> 
     </span>
     <span class='ocr_line' id='line_1_36' title="bbox 71 1895 1550 1948; baseline -0.005 -10"><span class='ocrx_word' id='word_1_364' title='bbox 71 1903 122 1938; x_wconf 78' lang='lat' dir='ltr'>siae</span> <span class='ocrx_word' id='word_1_365' title='bbox 140 1904 171 1937; x_wconf 92' lang='lat' dir='ltr'>S.</span> <span class='ocrx_word' id='word_1_366' title='bbox 186 1902 297 1937; x_wconf 68' lang='lat' dir='ltr'>Luciee</span> <span class='ocrx_word' id='word_1_367' title='bbox 314 1902 508 1948; x_wconf 83' lang='lat' dir='ltr'>ignoramus</span> <span class='ocrx_word' id='word_1_368' title='bbox 522 1930 532 1944; x_wconf 85' lang='lat'>‚</span> <span class='ocrx_word' id='word_1_369' title='bbox 558 1909 635 1938; x_wconf 87' lang='lat' dir='ltr'>nam</span> <span class='ocrx_word' id='word_1_370' title='bbox 660 1903 813 1937; x_wconf 81' lang='lat' dir='ltr'>libellum</span> <span class='ocrx_word' id='word_1_371' title='bbox 826 1900 948 1943; x_wconf 87' lang='lat' dir='ltr'>jurium</span> <span class='ocrx_word' id='word_1_372' title='bbox 965 1904 1004 1936; x_wconf 81' lang='lat' dir='ltr'>ab</span> <span class='ocrx_word' id='word_1_373' title='bbox 1019 1900 1070 1935; x_wconf 88' lang='lat' dir='ltr'>his</span> <span class='ocrx_word' id='word_1_374' title='bbox 1082 1899 1231 1935; x_wconf 90' lang='lat' dir='ltr'>nondum</span> <span class='ocrx_word' id='word_1_375' title='bbox 1245 1897 1446 1932; x_wconf 81' lang='lat' dir='ltr'>habuimus.</span> <span class='ocrx_word' id='word_1_376' title='bbox 1473 1895 1550 1931; x_wconf 87' lang='lat' dir='ltr'>Du-</span> 
     </span>
     <span class='ocr_line' id='line_1_37' title="bbox 73 1949 644 1996; baseline -0.002 -10"><span class='ocrx_word' id='word_1_377' title='bbox 73 1952 168 1986; x_wconf 85' lang='lat' dir='ltr'>bium</span> <span class='ocrx_word' id='word_1_378' title='bbox 181 1977 192 1990; x_wconf 92' lang='lat'>,</span> <span class='ocrx_word' id='word_1_379' title='bbox 216 1950 302 1996; x_wconf 83' lang='lat' dir='ltr'>quod</span> <span class='ocrx_word' id='word_1_380' title='bbox 327 1949 527 1995; x_wconf 81' lang='lat' dir='ltr'>proponitur</span> <span class='ocrx_word' id='word_1_381' title='bbox 540 1978 550 1991; x_wconf 96' lang='lat'>,</span> <span class='ocrx_word' id='word_1_382' title='bbox 575 1950 621 1986; x_wconf 86' lang='lat' dir='ltr'>est</span> <span class='ocrx_word' id='word_1_383' title='bbox 636 1979 644 1988; x_wconf 88' lang='lat'><strong><em>.</em></strong></span> 
     </span>
    </p>

    <p class='ocr_par' dir='ltr' id='par_1_5' title="bbox 24 1989 1548 2092">
     <span class='ocr_line' id='line_1_38' title="bbox 24 1989 1548 2046; baseline -0.005 -13"><span class='ocrx_word' id='word_1_384' title='bbox 24 2005 85 2036; x_wconf 71' lang='grc' dir='ltr'>,Λη</span> <span class='ocrx_word' id='word_1_385' title='bbox 104 1999 150 2042; x_wconf 79' lang='lat' dir='ltr'>fit</span> <span class='ocrx_word' id='word_1_386' title='bbox 165 1998 338 2042; x_wconf 81' lang='lat' dir='ltr'>servanda</span> <span class='ocrx_word' id='word_1_387' title='bbox 359 1997 579 2034; x_wconf 78' lang='lat' dir='ltr'>alternativa</span> <span class='ocrx_word' id='word_1_388' title='bbox 602 2007 670 2046; x_wconf 76' lang='lat' dir='ltr'>per</span> <span class='ocrx_word' id='word_1_389' title='bbox 699 1996 933 2044; x_wconf 69' lang='lat' dir='ltr'>cappellanum</span> <span class='ocrx_word' id='word_1_390' title='bbox 959 2002 1117 2033; x_wconf 77' lang='lat' dir='ltr'>Curatum</span> <span class='ocrx_word' id='word_1_391' title='bbox 1135 1997 1169 2032; x_wconf 81' lang='lat' dir='ltr'>in</span> <span class='ocrx_word' id='word_1_392' title='bbox 1185 1991 1418 2030; x_wconf 77' lang='lat' dir='ltr'>celebratione</span> <span class='ocrx_word' id='word_1_393' title='bbox 1433 1989 1548 2036; x_wconf 71' lang='lat' dir='ltr'>Miffa-</span> 
     </span>
     <span class='ocr_line' id='line_1_39' title="bbox 73 2043 1079 2092; baseline -0.001 -11"><span class='ocrx_word' id='word_1_394' title='bbox 73 2058 147 2081; x_wconf 83' lang='lat' dir='ltr'>rum</span> <span class='ocrx_word' id='word_1_395' title='bbox 175 2045 320 2092; x_wconf 70' lang='lat' dir='ltr'>aliisque</span> <span class='ocrx_word' id='word_1_396' title='bbox 350 2046 622 2083; x_wconf 67' lang='lat' dir='ltr'>&#39;parochialibus</span> <span class='ocrx_word' id='word_1_397' title='bbox 637 2043 832 2088; x_wconf 60' lang='lat' dir='ltr'>muneribus</span> <span class='ocrx_word' id='word_1_398' title='bbox 845 2045 878 2079; x_wconf 84' lang='lat' dir='ltr'>in</span> <span class='ocrx_word' id='word_1_399' title='bbox 902 2047 976 2088; x_wconf 71' lang='lat' dir='ltr'>casn</span> <span class='ocrx_word' id='word_1_400' title='bbox 1001 2048 1079 2083; x_wconf 71' lang='lat' dir='ltr'>&amp;c-</span> 
     </span>
    </p>
   </div>
   <div class='ocr_carea' id='block_1_4' title="bbox 196 2154 858 2225">
    <p class='ocr_par' dir='ltr' id='par_1_6' title="bbox 196 2154 858 2225">
     <span class='ocr_line' id='line_1_40' title="bbox 196 2154 858 2225; baseline -0.003 -17"><span class='ocrx_word' id='word_1_401' title='bbox 196 2154 387 2208; x_wconf 81' lang='lat' dir='ltr'>Dilata</span> <span class='ocrx_word' id='word_1_402' title='bbox 423 2158 490 2208; x_wconf 83' lang='lat' dir='ltr'>ad</span> <span class='ocrx_word' id='word_1_403' title='bbox 523 2157 823 2225; x_wconf 86' lang='lat' dir='ltr'>sequentem</span> <span class='ocrx_word' id='word_1_404' title='bbox 845 2194 858 2206; x_wconf 88' lang='lat'><strong>.</strong></span> 
     </span>
    </p>
   </div>
   <div class='ocr_carea' id='block_1_5' title="bbox 29 2263 1820 2707">
    <p class='ocr_par' dir='ltr' id='par_1_7' title="bbox 29 2263 1820 2370">
     <span class='ocr_line' id='line_1_41' title="bbox 29 2263 1820 2366; baseline -0.003 -47"><span class='ocrx_word' id='word_1_405' title='bbox 29 2284 115 2366; x_wconf 87' lang='lat' dir='ltr'>T</span> <span class='ocrx_word' id='word_1_406' title='bbox 130 2281 391 2320; x_wconf 83' lang='lat' dir='ltr'>OLENTINA</span> <span class='ocrx_word' id='word_1_407' title='bbox 415 2284 604 2327; x_wconf 89' lang='lat' dir='ltr'><strong>JURIUM</strong></span> <span class='ocrx_word' id='word_1_408' title='bbox 623 2280 1012 2318; x_wconf 83' lang='lat' dir='ltr'>PAROCHIALIUM</span> <span class='ocrx_word' id='word_1_409' title='bbox 1029 2307 1038 2315; x_wconf 89' lang='lat'><strong><em>.</em></strong></span> <span class='ocrx_word' id='word_1_410' title='bbox 1065 2280 1098 2315; x_wconf 89' lang='lat' dir='ltr'>in</span> <span class='ocrx_word' id='word_1_411' title='bbox 1112 2280 1267 2315; x_wconf 86' lang='lat' dir='ltr'>Civitate</span> <span class='ocrx_word' id='word_1_412' title='bbox 1282 2277 1468 2312; x_wconf 89' lang='lat' dir='ltr'>Tolentini</span> <span class='ocrx_word' id='word_1_413' title='bbox 1482 2285 1551 2312; x_wconf 87' lang='lat' dir='ltr'>tres</span> <span class='ocrx_word' id='word_1_414' title='bbox 1585 2267 1662 2314; x_wconf 80' lang='lat' dir='ltr'>Seff.</span> <span class='ocrx_word' id='word_1_415' title='bbox 1675 2263 1820 2305; x_wconf 63' lang='lat' dir='ltr'>²4·s·¹8¹</span> 
     </span>
     <span class='ocr_line' id='line_1_42' title="bbox 142 2314 1710 2370; baseline -0.007 -4"><span class='ocrx_word' id='word_1_416' title='bbox 142 2331 217 2367; x_wconf 89' lang='lat' dir='ltr'>sunt</span> <span class='ocrx_word' id='word_1_417' title='bbox 232 2331 404 2367; x_wconf 83' lang='lat' dir='ltr'>Parochiae</span> <span class='ocrx_word' id='word_1_418' title='bbox 420 2332 530 2368; x_wconf 87' lang='lat' dir='ltr'>altera</span> <span class='ocrx_word' id='word_1_419' title='bbox 546 2329 765 2368; x_wconf 81' lang='lat' dir='ltr'>cathedralis</span> <span class='ocrx_word' id='word_1_420' title='bbox 781 2328 933 2365; x_wconf 78' lang='lat' dir='ltr'>Ecclefiae</span> <span class='ocrx_word' id='word_1_421' title='bbox 951 2358 961 2370; x_wconf 87' lang='lat'>‚</span> <span class='ocrx_word' id='word_1_422' title='bbox 985 2329 1093 2363; x_wconf 82' lang='lat' dir='ltr'>altera</span> <span class='ocrx_word' id='word_1_423' title='bbox 1108 2328 1141 2362; x_wconf 89' lang='lat' dir='ltr'>S.</span> <span class='ocrx_word' id='word_1_424' title='bbox 1158 2326 1275 2368; x_wconf 84' lang='lat' dir='ltr'>Jacobi</span> <span class='ocrx_word' id='word_1_425' title='bbox 1295 2352 1302 2364; x_wconf 83' lang='lat'><strong>‚</strong></span> <span class='ocrx_word' id='word_1_426' title='bbox 1317 2325 1420 2359; x_wconf 84' lang='lat' dir='ltr'>tertia</span> <span class='ocrx_word' id='word_1_427' title='bbox 1433 2325 1465 2358; x_wconf 82' lang='lat' dir='ltr'>S.</span> <span class='ocrx_word' id='word_1_428' title='bbox 1481 2324 1553 2359; x_wconf 86' lang='lat' dir='ltr'>Ca·</span> <span class='ocrx_word' id='word_1_429' title='bbox 1584 2318 1623 2352; x_wconf 76' lang='lat' dir='ltr'>de</span> <span class='ocrx_word' id='word_1_430' title='bbox 1641 2314 1710 2362; x_wconf 78' lang='lat' dir='ltr'>Ref-</span> 
     </span>
    </p>

    <p class='ocr_par' dir='ltr' id='par_1_8' title="bbox 75 2372 1554 2426">
     <span class='ocr_line' id='line_1_43' title="bbox 75 2372 1554 2426; baseline -0.004 -14"><span class='ocrx_word' id='word_1_431' title='bbox 75 2380 188 2419; x_wconf 81' lang='lat' dir='ltr'>tervi,</span> <span class='ocrx_word' id='word_1_432' title='bbox 219 2392 292 2426; x_wconf 71' lang='lat' dir='ltr'>qua:</span> <span class='ocrx_word' id='word_1_433' title='bbox 317 2382 550 2415; x_wconf 86' lang='lat' dir='ltr'>commendata</span> <span class='ocrx_word' id='word_1_434' title='bbox 581 2379 626 2414; x_wconf 86' lang='lat' dir='ltr'>est</span> <span class='ocrx_word' id='word_1_435' title='bbox 640 2377 830 2413; x_wconf 84' lang='lat' dir='ltr'>canonicis</span> <span class='ocrx_word' id='word_1_436' title='bbox 852 2376 1083 2423; x_wconf 81' lang='lat' dir='ltr'>Regularibus</span> <span class='ocrx_word' id='word_1_437' title='bbox 1106 2372 1389 2409; x_wconf 77' lang='lat' dir='ltr'>Lateranensibus</span> <span class='ocrx_word' id='word_1_438' title='bbox 1418 2400 1425 2406; x_wconf 94' lang='lat'>.</span> <span class='ocrx_word' id='word_1_439' title='bbox 1448 2372 1554 2407; x_wconf 69' lang='lat' dir='ltr'>Paro-</span> 
     </span>
    </p>

    <p class='ocr_par' dir='ltr' id='par_1_9' title="bbox 73 2418 1552 2474">
     <span class='ocr_line' id='line_1_44' title="bbox 73 2418 1552 2474; baseline -0.005 -15"><span class='ocrx_word' id='word_1_440' title='bbox 73 2425 231 2462; x_wconf 84' lang='lat' dir='ltr'>chiarum</span> <span class='ocrx_word' id='word_1_441' title='bbox 255 2426 378 2462; x_wconf 77' lang='lat' dir='ltr'>divisio</span> <span class='ocrx_word' id='word_1_442' title='bbox 405 2438 476 2461; x_wconf 85' lang='lat' dir='ltr'>non</span> <span class='ocrx_word' id='word_1_443' title='bbox 509 2439 566 2474; x_wconf 83' lang='lat' dir='ltr'>per</span> <span class='ocrx_word' id='word_1_444' title='bbox 586 2425 744 2471; x_wconf 87' lang='lat' dir='ltr'>regiones</span> <span class='ocrx_word' id='word_1_445' title='bbox 767 2423 870 2458; x_wconf 84' lang='lat' dir='ltr'>certis</span> <span class='ocrx_word' id='word_1_446' title='bbox 888 2451 898 2464; x_wconf 92' lang='lat'>,</span> <span class='ocrx_word' id='word_1_447' title='bbox 924 2425 955 2459; x_wconf 87' lang='lat'>&amp;</span> <span class='ocrx_word' id='word_1_448' title='bbox 983 2422 1162 2468; x_wconf 81' lang='lat' dir='ltr'>designatis</span> <span class='ocrx_word' id='word_1_449' title='bbox 1190 2420 1313 2456; x_wconf 88' lang='lat' dir='ltr'>finibus</span> <span class='ocrx_word' id='word_1_450' title='bbox 1338 2418 1552 2454; x_wconf 84' lang='lat' dir='ltr'>circumscri-</span> 
     </span>
    </p>

    <p class='ocr_par' dir='ltr' id='par_1_10' title="bbox 75 2464 1551 2522">
     <span class='ocr_line' id='line_1_45' title="bbox 75 2464 1551 2522; baseline -0.003 -16"><span class='ocrx_word' id='word_1_451' title='bbox 75 2482 149 2520; x_wconf 85' lang='lat' dir='ltr'>ptas</span> <span class='ocrx_word' id='word_1_452' title='bbox 163 2499 172 2513; x_wconf 89' lang='lat'>,</span> <span class='ocrx_word' id='word_1_453' title='bbox 201 2474 253 2509; x_wconf 87' lang='lat' dir='ltr'>sed</span> <span class='ocrx_word' id='word_1_454' title='bbox 269 2485 332 2522; x_wconf 88' lang='lat' dir='ltr'>per</span> <span class='ocrx_word' id='word_1_455' title='bbox 353 2473 472 2508; x_wconf 86' lang='lat' dir='ltr'>domus</span> <span class='ocrx_word' id='word_1_456' title='bbox 488 2498 498 2512; x_wconf 86' lang='lat'>‚</span> <span class='ocrx_word' id='word_1_457' title='bbox 523 2477 554 2510; x_wconf 70' lang='grc' dir='ltr'>ὅ(</span> <span class='ocrx_word' id='word_1_458' title='bbox 588 2470 734 2507; x_wconf 84' lang='lat' dir='ltr'>familias</span> <span class='ocrx_word' id='word_1_459' title='bbox 751 2471 793 2505; x_wconf 88' lang='lat' dir='ltr'>ab</span> <span class='ocrx_word' id='word_1_460' title='bbox 815 2471 1040 2516; x_wconf 76' lang='lat' dir='ltr'>antiquiffimo</span> <span class='ocrx_word' id='word_1_461' title='bbox 1064 2478 1218 2513; x_wconf 85' lang='lat' dir='ltr'>tempore</span> <span class='ocrx_word' id='word_1_462' title='bbox 1239 2495 1248 2508; x_wconf 92' lang='lat'>,</span> <span class='ocrx_word' id='word_1_463' title='bbox 1273 2465 1482 2516; x_wconf 37' lang='lat' dir='ltr'>eujus-nulla</span> <span class='ocrx_word' id='word_1_464' title='bbox 1505 2464 1551 2501; x_wconf 86' lang='lat' dir='ltr'>est</span> 
     </span>
    </p>

    <p class='ocr_par' dir='ltr' id='par_1_11' title="bbox 74 2512 1552 2565">
     <span class='ocr_line' id='line_1_46' title="bbox 74 2512 1552 2565; baseline -0.006 -11"><span class='ocrx_word' id='word_1_465' title='bbox 74 2520 262 2560; x_wconf 83' lang='lat' dir='ltr'>memoria,</span> <span class='ocrx_word' id='word_1_466' title='bbox 288 2521 374 2556; x_wconf 64' lang='lat' dir='ltr'>facta</span> <span class='ocrx_word' id='word_1_467' title='bbox 399 2520 491 2559; x_wconf 89' lang='lat' dir='ltr'>suit,</span> <span class='ocrx_word' id='word_1_468' title='bbox 517 2522 547 2556; x_wconf 77' lang='grc' dir='ltr'>δι</span> <span class='ocrx_word' id='word_1_469' title='bbox 571 2521 664 2562; x_wconf 79' lang='lat' dir='ltr'>iuxta</span> <span class='ocrx_word' id='word_1_470' title='bbox 682 2517 827 2565; x_wconf 84' lang='lat' dir='ltr'>primam</span> <span class='ocrx_word' id='word_1_471' title='bbox 852 2518 1072 2563; x_wconf 79' lang='lat' dir='ltr'>partitionem</span> <span class='ocrx_word' id='word_1_472' title='bbox 1100 2515 1242 2551; x_wconf 88' lang='lat' dir='ltr'>Parochi</span> <span class='ocrx_word' id='word_1_473' title='bbox 1259 2513 1426 2560; x_wconf 79' lang='lat' dir='ltr'>personis,</span> <span class='ocrx_word' id='word_1_474' title='bbox 1453 2512 1552 2546; x_wconf 86' lang='lat' dir='ltr'>sami-</span> 
     </span>
    </p>

    <p class='ocr_par' dir='ltr' id='par_1_12' title="bbox 74 2559 1553 2615">
     <span class='ocr_line' id='line_1_47' title="bbox 74 2559 1553 2615; baseline -0.007 -13"><span class='ocrx_word' id='word_1_475' title='bbox 74 2566 194 2612; x_wconf 86' lang='lat' dir='ltr'>liisque</span> <span class='ocrx_word' id='word_1_476' title='bbox 215 2567 350 2615; x_wconf 80' lang='lat' dir='ltr'>quisque</span> <span class='ocrx_word' id='word_1_477' title='bbox 375 2567 441 2604; x_wconf 85' lang='lat' dir='ltr'>suis</span> <span class='ocrx_word' id='word_1_478' title='bbox 465 2568 688 2604; x_wconf 81' lang='lat' dir='ltr'>Sacramenta</span> <span class='ocrx_word' id='word_1_479' title='bbox 716 2563 946 2600; x_wconf 79' lang='lat' dir='ltr'>Ecclesiastica</span> <span class='ocrx_word' id='word_1_480' title='bbox 975 2562 1165 2599; x_wconf 82' lang='lat' dir='ltr'>ministrant</span> <span class='ocrx_word' id='word_1_481' title='bbox 1186 2589 1195 2602; x_wconf 86' lang='lat'>,</span> <span class='ocrx_word' id='word_1_482' title='bbox 1221 2562 1252 2596; x_wconf 87' lang='lat'>&amp;</span> <span class='ocrx_word' id='word_1_483' title='bbox 1277 2561 1309 2596; x_wconf 86' lang='lat' dir='ltr'>in</span> <span class='ocrx_word' id='word_1_484' title='bbox 1335 2570 1389 2594; x_wconf 88' lang='lat' dir='ltr'>eas</span> <span class='ocrx_word' id='word_1_485' title='bbox 1415 2559 1553 2600; x_wconf 79' lang='lat' dir='ltr'>jurisdi-</span> 
     </span>
    </p>

    <p class='ocr_par' dir='ltr' id='par_1_13' title="bbox 75 2606 1555 2658">
     <span class='ocr_line' id='line_1_48' title="bbox 75 2606 1555 2658; baseline -0.006 -9"><span class='ocrx_word' id='word_1_486' title='bbox 75 2614 223 2649; x_wconf 68' lang='lat' dir='ltr'>ctionem</span> <span class='ocrx_word' id='word_1_487' title='bbox 247 2625 428 2652; x_wconf 88' lang='lat' dir='ltr'>exercent.</span> <span class='ocrx_word' id='word_1_488' title='bbox 456 2614 723 2651; x_wconf 79' lang='lat' dir='ltr'>Vetustiffimum</span> <span class='ocrx_word' id='word_1_489' title='bbox 737 2611 828 2646; x_wconf 87' lang='lat' dir='ltr'>hunc</span> <span class='ocrx_word' id='word_1_490' title='bbox 853 2612 1014 2647; x_wconf 86' lang='lat' dir='ltr'>ordinem</span> <span class='ocrx_word' id='word_1_491' title='bbox 1028 2610 1179 2646; x_wconf 87' lang='lat' dir='ltr'>turbavit</span> <span class='ocrx_word' id='word_1_492' title='bbox 1195 2608 1409 2658; x_wconf 32' lang='lat' dir='ltr'>parochus-s.</span> <span class='ocrx_word' id='word_1_493' title='bbox 1423 2606 1555 2640; x_wconf 73' lang='lat' dir='ltr'>Cater-</span> 
     </span>
    </p>

    <p class='ocr_par' dir='ltr' id='par_1_14' title="bbox 75 2652 1556 2707">
     <span class='ocr_line' id='line_1_49' title="bbox 75 2652 1556 2707; baseline -0.006 -12"><span class='ocrx_word' id='word_1_494' title='bbox 75 2661 136 2700; x_wconf 87' lang='lat' dir='ltr'>vi,</span> <span class='ocrx_word' id='word_1_495' title='bbox 161 2662 223 2707; x_wconf 77' lang='lat' dir='ltr'>qui</span> <span class='ocrx_word' id='word_1_496' title='bbox 244 2671 364 2696; x_wconf 79' lang='lat' dir='ltr'>contra</span> <span class='ocrx_word' id='word_1_497' title='bbox 391 2662 574 2698; x_wconf 74' lang='lat' dir='ltr'>Ecclesiam</span> <span class='ocrx_word' id='word_1_498' title='bbox 600 2659 842 2695; x_wconf 81' lang='lat' dir='ltr'>Cathedralem</span> <span class='ocrx_word' id='word_1_499' title='bbox 869 2658 1047 2694; x_wconf 86' lang='lat' dir='ltr'>contendit</span> <span class='ocrx_word' id='word_1_500' title='bbox 1074 2656 1297 2692; x_wconf 77' lang='lat' dir='ltr'>parochianos</span> <span class='ocrx_word' id='word_1_501' title='bbox 1325 2654 1416 2689; x_wconf 78' lang='lat' dir='ltr'>illius</span> <span class='ocrx_word' id='word_1_502' title='bbox 1442 2652 1556 2686; x_wconf 86' lang='lat' dir='ltr'>farnu-</span> 
     </span>
    </p>
   </div>
   <div class='ocr_carea' id='block_1_6' title="bbox 75 2698 1550 2794">
    <p class='ocr_par' dir='ltr' id='par_1_15' title="bbox 75 2698 1550 2794">
     <span class='ocr_line' id='line_1_50' title="bbox 75 2698 1550 2781; baseline -0.003 -39"><span class='ocrx_word' id='word_1_503' title='bbox 75 2708 162 2744; x_wconf 84' lang='lat' dir='ltr'>latus</span> <span class='ocrx_word' id='word_1_504' title='bbox 180 2707 280 2744; x_wconf 87' lang='lat' dir='ltr'>causa</span> <span class='ocrx_word' id='word_1_505' title='bbox 310 2718 478 2748; x_wconf 82' lang='lat' dir='ltr'>morantes</span> <span class='ocrx_word' id='word_1_506' title='bbox 493 2711 527 2747; x_wconf 88' lang='lat' dir='ltr'>in</span> <span class='ocrx_word' id='word_1_507' title='bbox 551 2707 682 2746; x_wconf 83' lang='lat' dir='ltr'>aedibus</span> <span class='ocrx_word' id='word_1_508' title='bbox 714 2705 870 2750; x_wconf 57' lang='lat' dir='ltr'>subjectis</span> <span class='ocrx_word' id='word_1_509' title='bbox 891 2705 1066 2743; x_wconf 83' lang='lat' dir='ltr'>Parochiae</span> <span class='ocrx_word' id='word_1_510' title='bbox 1080 2706 1113 2741; x_wconf 86' lang='lat' dir='ltr'>S.</span> <span class='ocrx_word' id='word_1_511' title='bbox 1132 2703 1300 2743; x_wconf 47' lang='lat' dir='ltr'>Catervi‘,</span> <span class='ocrx_word' id='word_1_512' title='bbox 1326 2702 1357 2736; x_wconf 85' lang='lat'>&amp;</span> <span class='ocrx_word' id='word_1_513' title='bbox 1380 2698 1550 2781; x_wconf 45' lang='grc' dir='ltr'>(Ῑίοέῗὲος,</span> 
     </span>
     <span class='ocr_line' id='line_1_51' title="bbox 1355 2759 1512 2794; baseline 0 0"><span class='ocrx_word' id='word_1_514' title='bbox 1355 2759 1399 2794; x_wconf 74' lang='lat' dir='ltr'>‘lu</span> <span class='ocrx_word' id='word_1_515' title='bbox 1494 2765 1512 2771; x_wconf 85' lang='grc'><em>“</em></span> 
     </span>
    </p>
   </div>
  </div>
 </body>
</html>
