1874 2961
82 139 202 187 scopus
218 165 228 180 ,
252 137 311 186 qui
338 138 524 175 secundum
549 138 752 186 Capitulum
780 137 953 184 respondit
978 165 985 173 .
1011 136 1152 174 Parochi
1180 139 1187 175 i
1218 140 1285 176 itur
1303 136 1318 181 ','
1344 141 1376 176 δι
1402 99 1510 176 Οἰνῖὲ

89 188 292 224 nullitatem
309 198 421 222 rerum
447 186 611 234 gestarum
637 185 819 221 monstrare
837 195 1029 224 conantur,
1054 197 1170 221 contra
1207 188 1393 233 ‘apitulum
1421 187 1510 223 vali-

82 236 230 272 ditatem
245 244 361 269 tuetur
377 261 384 269 .
410 233 702 280 Ampliffimorum
719 232 859 268 Patruin
886 245 970 269 onus
987 241 1054 268 erit
1079 234 1327 280 cognoscendi,
1356 245 1508 280 quaenam

92 285 240 330 potiores
253 282 317 316 sint
330 280 481 316 rationes
497 307 506 320 ‚
532 290 568 315 ut
582 281 647 315 tria
662 307 671 321 ‚
695 291 765 326 quae
779 280 964 326 sequuntur
980 308 989 321 ,
1014 280 1134 315 Dubia
1159 279 1321 315 definiant
1338 307 1346 315 .

48 332 83 366 1..
104 331 162 366 An
175 328 212 364 sit
228 328 376 365 standum
391 354 400 366 ,
426 328 482 363 vel
497 328 722 363 recedendum
741 339 760 363 a
778 327 892 364 decisis
907 355 916 368 ,
941 334 984 365 αφ
1001 338 1168 375 quatenus
1183 330 1386 372 affirmative
1404 352 1414 361 .

47 377 96 413 ΙΙ.
122 379 179 413 An
196 375 419 412 substineatui·
433 376 566 410 Erectio
591 377 658 418 jam
672 375 778 415 fasta,
806 376 861 411 seu
875 374 990 423 potius
1017 375 1085 409 alia
1101 374 1139 409 sit
1153 373 1304 410 facienda
1321 373 1335 409 ‚²
1361 380 1404 412 ci*
1429 388 1510 422 quiz-

143 436 241 461 tcmes
265 425 428 470 negative
451 424 494 457 ad
508 425 690 466 secundam
703 431 841 468 partem
865 451 872 458 .

52 471 117 508 ΙΠ-
141 473 201 507 An
221 470 260 504 sit
276 481 319 505 ex
332 469 463 515 integro
476 469 691 506 concedenda
703 468 826 505 Gratia
844 469 997 514 perfectae
1026 468 1239 505 alternativae
1255 495 1266 510 ,
1291 470 1322 505 &
1342 480 1400 514 pei·
1426 468 1511 503 heb-

144 518 300 554 domadas
314 543 324 557 ,
348 525 484 553 attento
496 529 639 554 numero
652 518 748 552 auCto
766 517 911 552 aliarum
926 516 977 551 sex
990 515 1295 563 Cappellaniarum
1311 518 1345 552 in
1359 515 1433 552 casu
1445 517 1508 552 δίε,

147 618 184 654 In
200 615 332 652 Decisis
345 640 353 654 ‚
382 617 466 651 saeta
480 626 590 652 tamen
602 617 695 662 prius
708 617 870 652 erectione
885 616 1029 653 aliarum
1047 625 1196 664 quatuor
1209 615 1510 667 Cappellaniaijum

59 667 101 704 ad
116 666 263 702 sormam
278 664 421 699 Decreti
443 668 494 701 18.
509 664 595 699 Maii
617 666 712 713 i7†6.
729 666 783 701 Ad
809 664 994 700 secundum
1008 690 1016 703 ,
1039 665 1071 700 δι
1088 665 1230 703 tertium
1247 662 1419 712 provisum
1445 673 1512 697 in..

51 726 186 762 primo.

84 873 88 879 ·
155 849 389 887 GENTlNA
413 847 783 886 CENSVRARVM:
811 850 893 885 Duo
920 851 995 886 sunt
1013 850 1127 887 fratres
1143 849 1319 884 patrueles
1336 849 1433 883 ambo
1454 846 1516 881 Sa-

171 897 325 935 cerdotes
345 897 543 934 Franciscus
555 926 564 938 ‚
589 898 620 930 &
638 897 805 933 Paschalis
817 897 932 933 Gretii
948 899 1064 935 incolae
1081 896 1266 934 Lucuniani
1282 894 1410 942 Oppidi
1425 894 1516 940 Die-

98 945 180 981 cesis
194 943 400 991 Vgentinae‚
423 957 564 991 quorum
580 943 668 979 alter
680 945 900 981 decennalem
916 971 926 984 ,
949 945 1037 981 alter
1061 942 1275 981 sexennalem
1298 941 1517 978 consuetudi-

100 1004 179 1029 nem
194 991 317 1026 habere
338 991 501 1028 dicuntur
523 1003 599 1027 cum
620 991 751 1026 duabus
765 993 965 1028 mulieribus
989 994 1089 1028 vidua
1104 993 1211 1028 altera
1225 1016 1235 1029 ,
1262 993 1366 1025 altera
1381 998 1510 1036 nupta;

100 1051 212 1087 neque
225 1039 268 1074 ab
281 1037 322 1074 iis
335 1036 456 1074 divelli
469 1038 615 1087 potuisse
628 1040 767 1075 monitis
781 1065 791 1078 ,
818 1039 851 1074 &
865 1039 1068 1075 suasionibus
1083 1036 1350 1086 praecedentium
1367 1036 1511 1081 Episco-

99 1098 227 1135 porum
241 1110 252 1121 .
279 1086 368 1121 Idem
383 1085 504 1120 saelum
520 1086 584 1121 fuit
600 1086 642 1119 ab
656 1097 697 1121 eo
710 1112 720 1126 ‚
746 1087 803 1132 qui
817 1098 907 1121 nunc
921 1087 1071 1122 Ecclesiae
1089 1087 1141 1121 i'lli
1155 1085 1266 1131 praeest
1281 1111 1290 1124 ,
1317 1084 1484 1130 Episcopo
1501 1107 1511 1120 ³

100 1136 158 1169 sed
184 1132 269 1168 vicit
291 1143 409 1173 amor,
431 1133 464 1167 &
494 1145 563 1168 mos
587 1134 821 1170 inveteratus:
845 1134 924 1170 hinc
940 1145 996 1168 eos
1014 1135 1192 1181 Vgentum
1221 1131 1407 1167 advocavit
1434 1129 1517 1175 Epi-

103 1181 246 1226 scopus,
273 1180 304 1214 &
320 1179 477 1224 graviter
501 1180 671 1226 increpuit
685 1208 692 1216 .
721 1181 884 1217 Promisiis
911 1190 1022 1215 tamen
1046 1192 1117 1217 non
1139 1179 1300 1215 steterunt
1315 1205 1324 1219 ‚
1349 1189 1427 1213 nam
1449 1177 1528 1211 Lu·'

101 1229 286 1264 canianum
301 1225 423 1262 reversi
435 1253 445 1266 ‚
467 1227 591 1262 iteru'm
605 1227 728 1263 reversi
741 1228 816 1264 sunt
842 1228 881 1262 ad
896 1228 1054 1263 mulieres
1070 1242 1079 1262 ε
1108 1226 1160 1262 Ira
1174 1235 1358 1262 commotus
1385 1223 1518 1270 Episco-

103 1286 163 1321 pus
176 1274 356 1320 Vgentum
384 1285 438 1309 eos
457 1274 665 1314 revocavit,
691 1287 749 1321 per
773 1278 855 1311 duos
882 1276 1009 1310 menses
1037 1274 1229 1320 suspendit,
1255 1273 1424 1318 solvitque
1448 1268 1518 1316 post

105 1331 281 1367 acceptam
296 1346 306 1360 ,
331 1320 562 1367 signatamque
579 1323 621 1356 ab
635 1322 674 1357 iis
689 1323 910 1369 syngrapham
925 1349 934 1362 ‚
962 1333 1027 1369 qua
1052 1321 1209 1357 cautione
1229 1319 1429 1367 pecuniaria:
1456 1330 1518 1365 pq·-

50 1397 53 1399 ,
102 1381 153 1405 nae
167 1379 296 1403 morem
309 1367 462 1414 gesturos
479 1367 585 1414 ipsius
608 1369 748 1416 imperio
765 1369 1013 1416 promiserunt.
1039 1367 1196 1403 Reduces
1222 1369 1256 1403 in
1278 1367 1427 1403 Patriam
1449 1365 1518 1400 sese

102 1415 373 1454 continuerunt,
393 1415 505 1450 donec
528 1414 730 1452 discedente
746 1416 885 1452 Vicario
908 1416 1075 1453 Generali'
1090 1442 1100 1456 ‚
1130 1427 1228 1461 penes
1251 1426 1352 1459 quem
1377 1413 1520 1459 syngra-

103 1464 173 1511 pha
186 1470 259 1497 erat
273 1487 284 1501 ‚
305 1462 337 1497 δι
351 1474 369 1497 a
384 1474 454 1508 quo
467 1473 540 1498 eam
552 1488 563 1502 ‚
584 1463 699 1499 oblato
721 1475 861 1500 munere
875 1490 884 1503 ,
908 1461 1058 1499 habuiffe
1081 1464 1178 1504 aiunt
1194 1462 1311 1497 Testes
1325 1488 1336 1502 ,
1361 1462 1399 1495 ad
1421 1461 1520 1504 prio-

103 1521 179 1548 rem
192 1508 478 1545 consuetudinem
505 1509 702 1546 redierunt.
725 1510 907 1558 Episcopus
930 1511 1046 1557 itaque
1069 1509 1262 1546 Piocessum
1284 1507 1520 1552 iudicialem.»

105 1566 228 1594 contra
240 1566 298 1591 eos
314 1582 325 1596 ‚
349 1568 430 1603 quos
444 1556 618 1603 Vgentum
647 1568 831 1594 vocaverat
847 1585 856 1597 ‚
879 1558 996 1594 instrui
1022 1556 1136 1600 iussit,
1160 1569 1229 1602 quo
1248 1555 1402 1591 confecto
1417 1579 1425 1591 2-
1446 1554 1462 1587 s
1462 1566 1520 1598 pa-

83 1648 87 1651 ·
108 1605 198 1640 tium
212 1603 370 1649 temporis
385 1603 562 1643 concessit,
588 1617 656 1650 quo
681 1605 885 1641 defensiones
906 1604 1096 1650 proferrent
1122 1630 1131 1643 ,
1156 1603 1206 1639 sed
1230 1603 1283 1638 illi
1312 1602 1423 1650 spreto
1440 1613 1520 1646 prz-

107 1660 230 1697 cepto,
257 1662 297 1685 ne
328 1650 418 1685 Vrbe
444 1649 680 1693 discederent,
704 1652 940 1689 Lucunianum
966 1651 1199 1697 repetierunt3
1226 1654 1294 1685 lata
1317 1649 1424 1694 igitur
1447 1648 1520 1682 sen-

110 1698 218 1734 tentia
235 1697 300 1733 fuit
322 1697 535 1744 suspensionis
554 1711 571 1733 a
586 1700 751 1740 Divinis,
774 1699 885 1735 donec
908 1698 1160 1744 resipiscerent.
1189 1698 1245 1732 llli
1276 1696 1319 1732 ad
1334 1697 1520 1741 Metropo—

111 1747 209 1781 litam
224 1746 496 1790 'Hydruntinum
524 1747 738 1794 appellarunt
762 1773 772 1787 ,
796 1759 815 1781 a
835 1759 904 1793 quo
923 1745 1177 1791 circumscripta
1202 1744 1269 1779 fuit
1288 1743 1454 1778 sententia
1477 1754 1520 1777 ex

111 1791 242 1828 defectu
269 1793 390 1828 sormae
412 1793 625 1830 Conciliaris
647 1807 711 1830 non
735 1795 872 1830 servatae
897 1821 907 1835 ,
933 1793 1075 1840 aliisque
1101 1792 1299 1826 nullitatum
1326 1790 1518 1833 capitibus.

113 1840 298 1876 Promotor
325 1839 462 1876 Fiscalis
474 1840 589 1876 Curiae
610 1841 792 1887 Vgentinae
814 1841 1006 1888 appellavit
1023 1840 1062 1874 ad
1084 1839 1147 1873 hoc
1172 1839 1313 1874 Sacrum
1327 1836 1496 1870 Tribunal
1510 1861 1520 1874 ,

111 1888 143 1923 ὅ(
160 1887 293 1922 auditus
307 1887 536 1933 Metropolita
553 1888 790 1934 Hydraminus
815 1888 953 1933 epistola
975 1886 1031 1922 sua
1053 1885 1177 1921 fastum
1198 1893 1334 1920 tuetur:
1352 1883 1520 1918 Substinet

110 1945 202 1970 nunc
220 1943 334 1968 tamen
358 1936 443 1979 apud
455 1935 733 1971 Eminentiffimos
750 1934 865 1970 Patres
887 1933 1099 1969 validitatem
1113 1958 1123 1972 ‚
1147 1934 1179 1968 &
1205 1931 1364 1974 justitiam
1386 1930 1520 1965 senten·-

107 1982 166 2016 tiae
180 1980 359 2017 Promotor
369 1980 510 2016 Fiscalis
523 1983 716 2028 Vgentinus
735 2009 745 2023 ,
767 1993 892 2028 negans
912 1993 983 2016 rem
1006 1979 1069 2015 effe
1096 1979 1136 2014 de
1149 1978 1226 2014 casu
1243 2006 1252 2019 ,
1275 1989 1342 2024 quo
1358 1976 1522 2023 disposuit

111 2028 357 2063 Tridentinum
373 2054 382 2068 ,
399 2028 487 2075 quod
511 2027 566 2063 hic
595 2040 649 2064 res
675 2028 713 2064 sit
735 2032 774 2064 de
787 2028 917 2064 mitiori
939 2039 1047 2074 pena,
1071 2028 1102 2062 δι
1126 2025 1217 2074 quasi
1237 2035 1397 2070 paterna,
1423 2035 1524 2070 quam

107 2074 234 2121 cuique
261 2074 453 2123 Episcopo,
479 2084 579 2121 prout
611 2075 663 2110 illi
695 2076 798 2112 satius
815 2075 929 2111 visum
952 2075 1052 2110 fuerit
1067 2101 1077 2114 ,
1104 2073 1310 2118 praemittere
1333 2071 1415 2107 licet
1440 2070 1524 2117 rigi-

108 2122 197 2157 diori
212 2149 222 2162 ,
246 2122 277 2156 &
302 2122 475 2168 graviori3
499 2134 608 2169 neque
625 2123 716 2158 enim
741 2123 943 2159 Tridentini
968 2122 1125 2157 Decreto
1149 2119 1323 2166 Episcopis
1348 2118 1527 2154 neceslitas

103 2168 271 2216 ‘imposita
285 2167 350 2204 fuit
370 2168 548 2214 infligendi
573 2181 628 2205 eas
643 2181 762 2215 penas,
784 2171 838 2206 sed
861 2167 992 2215 possunt
1015 2169 1159 2203 minores
1175 2166 1350 2213 infligere,
1375 2177 1448 2212 quae
1471 2164 1527 2201 so-

113 2216 250 2252 lemniis
265 2215 336 2265 illisn
351 2215 590 2251 aTridentino
604 2216 736 2252 statutis
750 2228 817 2252 non
838 2225 960 2263 egent;
984 2215 1174 2263 praesertim
1198 2225 1276 2249 cum
1288 2225 1374 2249 unus
1394 2211 1529 2248 nullum

113 2261 321 2299 Beneficium
339 2263 466 2298 habeat
490 2289 501 2303 ,
536 2263 623 2298 altei-
653 2275 736 2300 vero
768 2276 811 2300 ex
839 2264 890 2298 his
912 2264 1123 2299 sacerdotum
1150 2261 1273 2301 habeat
1291 2260 1448 2307 quidem,
1475 2259 1530 2293 sed

113 2320 218 2346 tenue
233 2335 241 2345 .
264 2309 372 2352 Cujus
391 2321 472 2344 nam
487 2310 635 2356 potiores
648 2310 797 2346 rationes
823 2310 887 2345 sint
902 2311 990 2351 ,-vel
1007 2322 1080 2357 quae
1095 2321 1159 2357 pro
1173 2309 1338 2344 sententia
1353 2334 1363 2347 ,
1387 2307 1443 2342 vel
1457 2317 1532 2351 quae

114 2367 230 2393 contra
263 2356 469 2391 sententiam
493 2355 698 2393 differuntur
726 2386 737 2399 ,
755 2358 905 2401 judicent
931 2356 1195 2392 Eminentissimi
1218 2356 1333 2390 Patres
1352 2354 1532 2389 lection&

115 2404 225 2439 libelli
248 2404 464 2440 Promotoris
485 2404 625 2440 Fiscalis
645 2405 812 2452 Vgentini
828 2432 838 2446 ,
861 2416 961 2452 quem
982 2404 1090 2440 solum
1110 2403 1286 2438 habuimus
1307 2429 1318 2443 ‚
1336 2409 1374 2436 ut
1389 2399 1532 2439 Dubio,

117 2453 206 2499 quod
230 2451 286 2486 hic
299 2453 414 2487 damus
427 2477 438 2492 ,
461 2451 660 2498 respondere
677 2452 804 2499 possmt
819 2477 830 2486 .

69 2505 128 2538 ιλιι
152 2499 298 2588 ἱεηβζινιε
323 2500 489 2535 relaxatae
518 2508 584 2548 per
617 2503 750 2537 curiam
785 2498 1014 2548 Episcopalem
1051 2501 1177 2546 vgenti
1196 2495 1447 2541 [abstineantur
1475 2497 1533 2531 im,

118 2559 155 2582 sa
172 2557 192 2578 Il
213 2554 289 2581 &c-

165 2643 382 2681 Affixmative
399 2667 414 2683 .

1444 2684 1540 2720 MA-

1553 849 1760 892 &flasse-¹4·

1554 893 1588 921 de
1600 892 1652 929 refi
