1883 2907
353 138 461 214 igit.
491 171 650 207 Tandem
677 174 781 208 Anno
813 181 910 217 1742.
936 170 1190 206 Controversiae
1206 171 1329 214 hujus,
1352 181 1425 217 quae
1444 170 1538 207 inter
1552 173 1691 213 Pau-eg,
1716 173 1774 208 80-

352 227 505 268 dalclque
535 223 650 266 agitur
678 247 688 261 ,
714 219 841 256 semina
869 220 950 257 jacta
979 224 1132 257 lucrun15
1158 231 1232 254 cuni
1258 221 1350 253 enim
1377 230 1483 263 opus,
1511 231 1549 254 ut
1565 223 1655 257 muri
1681 220 1772 257 cras-

351 272 437 306 {itit-s
467 279 701 308 minueretur,
725 279 791 315 quo
818 265 919 311 posset
941 265 1060 303 Statua
1088 266 1286 304 Beatiilimae
1319 269 1470 312 Virginis
1494 267 1688 310 collocari,
1714 272 1774 304 So-

351 319 441 352 dalcs
469 316 670 353 facultatem
697 319 785 351 hanc
812 315 872 350 libi
899 320 969 349 dari
996 314 1208 361 p0.lularunt
1234 327 1253 350 a
1282 316 1439 352 Patribus
1465 340 1475 353 ‚
1499 326 1583 362 quos
1610 318 1773 361 putabant

351 365 496 404 Sacelli,
524 364 683 402 Aliaris,
709 363 872 407 Murique
907 361 1077 396 Doininos
1102 387 1112 399 ‚
1151 364 1181 396 ἅ
1208 375 1320 399 novus
1343 364 1404 398 hac
1425 362 1602 399 occasione
1631 376 1773 399 contra-

351 415 420 447 clus
449 422 551 447 initiis
580 416 642 445 luit
666 412 756 446 inter
785 409 948 447 Sodales,
976 408 1007 441 &
1035 409 1150 444 Patres
1175 435 1186 448 ,
1227 420 1263 445 ut
1290 412 1323 444 hi
1351 410 1567 446 restituerent
1590 411 1625 446 i'n
1656 411 1776 458 poss‘es.

351 459 476 496 sionem
503 459 630 493 Altaris
654 458 790 494 §odalcs
815 483 824 495 ‚
864 455 921 501 qui
951 464 1070 506 contra
1105 454 1263 492 Patribus
1290 459 1507 493 remitterent
1541 459 1666 495 fruetus
1691 472 1776 495 cen-

352 507 446 542 suum
473 508 508 541 in
535 507 658 541 summa
681 506 838 546 scut.9s.
864 504 1001 538 Placuit
1028 501 1184 538 Patribus
1213 505 1282 540 hec
1309 505 1488 540 transactio
1517 508 1683 552 ,tquibus
1710 510 1778 544 in...

352 566 456 589 unuin
480 553 701 600 congregatis
728 552 893 598 proposita
917 549 984 585 fuit
1007 577 1016 590 ‚
1043 551 1172 596 placuit
1199 557 1306 588 totius
1335 552 1476 588 Ordinis
1502 551 1671 590 Generali
1696 555 1779 589 Ma-

354 602 478 649 gistro.
506 602 563 647 qui
592 601 687 635 illam
717 601 825 635 literis
848 597 912 634 suis
941 599 1099 645 probavit
1127 611 1136 633 ε
1172 599 1206 634 in
1232 600 1299 647 ipsa
1326 613 1412 637 vero
1438 598 1655 646 stipulatione
1681 613 1778 638 tran-

354 649 505 684 sactionis
531 660 628 683 error
654 646 722 684 sive
749 657 924 693 partium,
955 647 1023 682 live
1051 646 1250 686 tabellionis
1275 648 1425 696 obrepsit
1455 674 1466 688 ‚
1488 659 1566 683 nam
1593 649 1778 694 expressum

354 696 419 731 fuit
447 696 564 730 Patres
581 698 695 731 cedere
722 694 900 730 Sodalibus
915 696 985 739 *jus
1004 718 1014 732 ,
1044 693 1265 739 ‘Pofftffionem
1279 720 1289 736 ‚
1307 699 1503 735 Dominium
1518 721 1528 734 ‚
1561 705 1595 733 et
1611 701 1776 744 Proprie-

356 753 463 780 tatem
490 745 634 778 altaris
654 770 664 782 ‚
691 754 710 777 e
736 741 860 788 quibus
891 742 1002 775 verbis
1026 742 1257 779 controversia
1284 743 1360 779 inde
1385 754 1461 778 orta
1487 742 1556 779 est.

310 791 399 826 Cum
427 791 516 825 enim
538 792 719 826 modernus
749 788 1042 835 Archiepiscopus
1074 789 1250 825 Altariuin
1274 817 1285 831 ‚
1324 803 1395 836 quse
1425 792 1458 826 in
1489 789 1646 826 Ecclesiis
1671 789 1780 827 Reii-

355 839 535 885 giosorum
558 849 679 877 erant,
704 837 756 871 sed
781 836 821 869 ad
847 836 1015 870 Sodalitia
1047 838 1288 882 pertinebant,
1316 837 1558 874 visitationem
1583 837 1778 879 indixisset,

357 888 388 920 ἃ
416 884 558 932 putasset
583 887 646 920 hoc
672 886 776 919 etiam
807 883 936 920 Altare
971 883 1146 918 Sodalibus
1187 886 1296 921 Beatae
1324 886 1443 922 Maria:
1477 884 1678 921 Gratiarum
1707 885 1780 921 ces-

356 934 428 968 sum
452 946 469 968 a
494 933 649 968 Patribus
674 931 810 968 visitare
833 930 919 976 posse
935 957 944 970 ‚
971 930 1175 965 obstiterunt
1202 932 1322 969 Patres
1352 960 1362 973 ,
1391 934 1452 981 qui
1474 931 1683 969 occasionem
1709 944 1775 967 na-

358 981 401 1015 cli
428 992 447 1014 a
471 981 582 1015 verbis
609 980 678 1015 illis
706 977 920 1016 lnllrumenti
943 979 1111 1023 negabant
1133 978 1312 1016 cessionem
1342 981 1460 1016 valere
1488 979 1598 1024 posse,
1626 982 1715 1027 quod
1738 979 1778 1014 fi-

356 1041 398 1064 ne
423 1027 642 1074 Beneplaeito
667 1024 865 1071 Apostolico
891 1024 1030 1061 distrahi
1059 1025 1185 1062 Altare
1211 1028 1292 1063 illud
1317 1039 1384 1064 non
1412 1027 1597 1073 potuisset,
1620 1030 1706 1075 quod
1722 1038 1776 1065 res

357 1078 457 1112 Sacra
482 1101 491 1114 ,
515 1085 551 1110 ut
577 1075 661 1110 illud
687 1082 760 1107 erat
785 1073 909 1108 Altare
925 1100 935 1113 ,
960 1083 1107 1119 nequeat
1130 1072 1198 1112 fine
1214 1075 1288 1110 labe
1310 1076 1465 1112 Simonise
1480 1076 1588 1121 pretio
1618 1086 1777 1111 numma-

357 1125 412 1161 rio
438 1124 472 1157 in
496 1124 599 1160 aliurn
624 1120 823 1161 transferri,
847 1131 907 1156 nec
930 1122 964 1155 in
985 1124 1194 1156 commercio
1218 1124 1391 1160 hominum
1413 1122 1477 1158 ess‘e
1505 1121 1611 1168 posset
1627 1148 1638 1162 ‚
1662 1134 1778 1159 cum-³

358 1175 393 1208 in
413 1170 540 1206 nullius
566 1172 635 1207 haec
659 1168 755 1205 bonis
777 1167 840 1203 sint
856 1193 865 1203 .
893 1169 1071 1204 Abstinuit
1097 1171 1381 1219 Archieffiscopus
1409 1184 1428 1207 a
1454 1169 1659 1206 Vifitatione
1676 1198 1686 1212 ‚
1713 1170 1778 1206 ad·-

357 1221 442 1264 jcc‘h
466 1227 577 1254 tamen
603 1216 753 1253 clausula
773 1216 842 1258 sine
870 1216 1070 1262 Prgjndicio
1098 1220 1161 1263 stig
1187 1220 1449 1263 &admistionis
1478 1243 1490 1258 ,
1515 1228 1550 1254 et
1578 1221 1773 1254 rationum,

358 1267 532 1303 ambarum
555 1270 710 1316 partium
723 1290 731 1299 .
753 1263 841 1300 Rem
860 1265 934 1302 inde
947 1274 1082 1298 omnem
1109 1265 1242 1301 sodales
1257 1267 1459 1302 detulerunt
1474 1264 1519 1301 ad
1537 1265 1770 1312 Amplissimos

358 1316 500 1353 Patres,
527 1315 679 1360 aquibus
706 1311 890 1358 petebant,
918 1322 953 1349 ut
969 1310 1085 1357 siquid
1115 1311 1193 1349 vitii
1218 1313 1335 1351 inesset
1359 1313 1606 1353 instrumento,
1628 1313 1659 1346 δι
1675 1311 1778 1357 stipu-

361 1362 509 1402 lationi,
533 1373 591 1398 aut
616 1361 820 1399 to'leretur,
847 1369 904 1394 aut
927 1367 1128 1406 cogerentur
1153 1360 1396 1406 Augustiniani
1423 1362 1598 1406 pecuniam
1626 1361 1780 1395 reddere.

361 1409 463 1446 Datae
483 1411 520 1444 ad
554 1407 855 1454 Ai‘chicpiscopurn
878 1407 1015 1442 fuerant
1043 1408 1173 1445 literae,
1201 1409 1324 1455 quibus
1351 1407 1627 1456 significabatur,
1657 1415 1779 1442 utrem

362 1468 498 1491 omnem
521 1457 623 1493 referr
649 1467 682 1493 t.
706 1455 877 1503 animique
899 1454 946 1490 sui
973 1454 1182 1491 Sententiam
1207 1456 1379 1502 aperiret;
1408 1457 1554 1492 Seddum
1576 1455 1780 1491 cunctantur

364 1502 497 1538 Sodales
523 1517 577 1541 eas
604 1503 770 1551 Epillolas
802 1505 938 1538 reddere
966 1501 1232 1551 Archiepiscopo
1255 1530 1265 1544 ,
1292 1505 1405 1539 Patres
1433 1501 1681 1548 Augustiniani
1708 1499 1781 1536 Li-

362 1550 493 1586 bellum
520 1553 718 1587 obtulerunt
743 1552 844 1586 Sacro
868 1551 946 1586 huic
974 1549 1160 1584 Tribunali
1186 1577 1196 1590 ,
1219 1564 1289 1597 quo
1316 1550 1527 1598 postulabant
1554 1549 1707 1588 nullam,
1727 1558 1780 1583 at-

365 1609 428 1644 que
452 1599 586 1634 irritam
612 1599 777 1635 declarari
804 1598 1099 1634 ceflionem.illam
1125 1597 1259 1635 Altaris
1285 1625 1294 1638 ,
1320 1599 1518 1644 nullumque
1544 1596 1594 1637 jus
1620 1594 1684 1630 esse
1711 1597 1779 1630 Ar-

366 1645 588 1693 chiepiscopis
605 1647 693 1683 illud
710 1647 884 1682 visitandi:
916 1645 1005 1680 datis
1031 1644 1137 1690 igitur
1162 1645 1238 1680 aliis
1262 1646 1373 1683 literis
1405 1649 1445 1681 ad
1469 1643 1777 1690 Archiepiscopum

364 1695 537 1739 respondit
561 1696 621 1729 ille
649 1694 910 1730 lucuiemiiiima
933 1693 1091 1737 epistola.
1121 1693 1220 1727 Nunc
1246 1707 1327 1730 vero
1353 1695 1441 1734 duo,
1468 1703 1539 1739 qua:
1565 1691 1777 1737 sequuntur,

360 1742 485 1776 Dubia
509 1740 698 1778 definienda
725 1742 799 1777 sunt
821 1745 861 1776 ab
885 1740 1159 1777 Emineiitillimis
1185 1739 1341 1779 Patribus
1366 1766 1376 1780 ‚
1407 1739 1531 1787 quibus
1558 1737 1686 1774 Dubiis
1709 1739 1780 1780 jam

366 1787 560 1835 subscriptis
588 1790 799 1824 monimenta
824 1800 936 1824 rerum
961 1789 1152 1834 gestarum,
1174 1799 1255 1832 quas
1284 1790 1378 1834 supra
1401 1787 1635 1825 narravimus,
1661 1795 1778 1831 reper-

367 1844 400 1870 ta
429 1836 563 1871 suerunt
584 1849 729 1871 maxima
759 1850 798 1872 ex
826 1847 918 1882 parte
940 1848 958 1870 a
980 1836 1157 1870 Sodalibus
1183 1848 1194 1875 3
1224 1836 1339 1872 Patres
1362 1837 1402 1870 de
1430 1835 1591 1872 nullitate
1621 1831 1776 1883 cellionis

367 1882 560 1930 disputant:
586 1885 718 1919 Sodales
744 1895 861 1921 contra
889 1883 1023 1921 nullum
1047 1884 1098 1918 illi
1120 1884 1246 1919 vitium
1270 1883 1332 1919 effe
1359 1883 1571 1920 contendunt
1601 1906 1612 1920 ‚
1647 1877 1777 1914 etiamst

370 1943 451 1968 vere
477 1944 495 1966 a
518 1933 689 1970 dominio,
713 1933 743 1967 ἃ
762 1933 950 1972 noiieffione
973 1931 1188 1966 antecedenti
1210 1930 1404 1967 cecidissent
1433 1958 1443 1970 ‚
1468 1931 1581 1964 multo
1601 1938 1685 1962 vero
1707 1936 1778 1959 am-

370 1978 462 2024 plius
478 2005 487 2018 ,
512 1978 589 2027 quia
617 1980 716 2014 cestio
742 1980 802 2014 illa
829 1992 897 2014 non
923 1979 1015 2013 aliud
1039 1978 1104 2013 esse
1120 1978 1239 2023 poflit,
1263 1991 1362 2025 quarn
1388 1979 1577 2016 restitutio,
1604 1976 1635 2009 &
1668 1972 1782 2007 redin-

369 2029 519 2071 tegratio
546 2026 778 2073 poffiffioms,
800 2027 834 2061 in
855 2038 919 2072 qua
945 2036 1041 2061 erant
1067 2026 1203 2060 &dales
1228 2051 1237 2060 .
1261 2026 1439 2066 judicium
1464 2026 1512 2059 rei
1543 2022 1709 2058 universa:
1737 2019 1780 2054 ad

371 2073 601 2122 Amplissimos
616 2075 731 2109 Patres
755 2075 930 2125 pertinet,
954 2073 1013 2122 qui
1038 2074 1131 2111 leuis
1156 2073 1279 2111 libellis
1302 2098 1314 2116 ‚
1339 2073 1398 2121 qui
1423 2080 1680 2119 proponuntur,
1701 2065 1782 2104 defi-

370 2129 466 2154 nient
484 2146 494 2157 ,

325 2165 353 2201 1.
382 2167 439 2200 An
451 2168 548 2203 ceffio
558 2168 717 2205 Dominii
733 2196 743 2209 ‚
767 2169 1028 2217 &proprietatis
1042 2170 1174 2205 Altaris
1190 2167 1409 2204 substineatur
1424 2169 1459 2202 in
1476 2168 1554 2203 casu
1566 2167 1631 2202 διε.

324 2213 372 2251 11.
400 2215 481 2255 An,
502 2217 533 2250 ὅ(
556 2219 723 2263 quomodo
747 2219 873 2255 dissum
898 2217 1027 2255 Altare
1045 2216 1286 2266 visitaripoflit
1308 2217 1350 2252 ab
1364 2215 1546 2253 Ordinatio
1570 2216 1607 2247 in
1621 2209 1698 2247 casu
1714 2209 1778 2247 &m

417 2314 474 2348 Ad
498 2314 645 2359 primum
674 2315 890 2352 Affirmative
917 2315 1031 2362 quoad
1055 2315 1151 2350 usum
1168 2342 1178 2356 ,
1203 2315 1235 2350 δι
1262 2313 1492 2361 possessionem
1518 2326 1578 2360 per
1605 2308 1780 2345 modum-⁴

371 2361 653 2445 geimeglrationis
671 2387 681 2401 ,
715 2367 749 2399 ὅς
773 2366 919 2413 amplius
941 2389 952 2401 .
983 2364 1038 2399 Ad
1060 2361 1243 2399 secundum
1263 2361 1481 2398 Affirmative
1504 2362 1600 2407 juxta
1625 2357 1781 2399 solitum,

422 2420 495 2456 amp
514 2421 562 2445 ius
578 2438 586 2446 .

419 2591 454 2637 gi
471 2591 657 2636 Hospitalis
682 2594 829 2629 Bondeni
849 2595 1041 2630 consuleret
1058 2596 1109 2636 Jo.
1126 2594 1277 2629 Fontana
1293 2619 1304 2633 ‚
1327 2593 1385 2638 qui
1414 2592 1618 2628 ferrariensi
1642 2598 1783 2636 proterat

377 2637 528 2674 Eccieiiae
543 2664 552 2677 ‚
578 2651 665 2674 anno
683 2652 776 2681 1704.
796 2654 924 2677 novum
945 2642 1125 2686 Templum
1139 2666 1149 2679 ,
1174 2643 1264 2688 quod
1278 2640 1403 2675 Vicani
1421 2639 1476 2674 illi
1501 2641 1535 2674 in
1551 2641 1669 2675 eodem
1689 2639 1780 2688 Pago

373 2695 611 2726 extruxerant,
636 2686 670 2722 iri
682 2687 860 2726 Ecclesiam
871 2689 1103 2728 Parochialem
1114 2690 1224 2726 erexit
1237 2715 1248 2732 ,
1273 2688 1304 2723 δι
1329 2699 1346 2722 a
1361 2687 1524 2724 Parochia
1540 2686 1796 2782 alteriusselgssegxl1¹
