1883 2907
309 145 335 163 „,
357 73 502 169 {illidet
530 116 598 150 ltaec
616 114 765 151 Abbatia
784 109 836 154 δὲ.
852 117 965 161 Petri,
989 121 1020 154 ὰ
1045 120 1190 156 Andreae
1208 122 1241 154 in
1257 119 1490 174 hac-civitate
1507 149 1517 163 ,
1541 123 1667 171 absque
1682 127 1823 181 eoquod

309 191 336 206 ,‚
362 161 566 199 melufiffent
589 162 622 196 in
649 174 689 198 ea
713 164 887 208 redditus,
912 170 943 203 δι
973 165 1129 209 effectus,
1148 179 1232 214 quos
1258 167 1396 218 postulet
1421 182 1455 204 m
1480 169 1587 206 Terra
1620 173 1824 215 Mandurn,

305 237 333 253 „
359 208 494 254 quando
506 219 628 255 magna
644 237 654 251 ,
677 212 710 247 &
728 212 854 248 melior
865 225 939 260 pars
948 215 1091 251 redditus
1105 214 1202 262 ipsius
1218 213 1374 266 Abbatlae
1387 216 1433 250 est
1445 217 1533 262 apud
1544 218 1764 257 Mandurinos
1777 248 1787 258 .

301 256 382 295 120st
396 253 580 301 Epistolam
601 258 688 294 hanc
702 259 962 309 Archiepiscopi
985 261 1071 297 nihil
1087 263 1193 298 astum
1210 260 1273 295 fuit
1287 262 1337 313 *ad
1351 273 1474 298 annum
1494 275 1592 312 1729·
1609 292 1619 307 ‚
1637 279 1703 313 quo
1729 279 1826 305 tem-

354 311 437 349 pote
460 303 548 340 idem
568 305 710 347 loannes
739 307 925 349 Vincenti,
939 309 996 356 qui
1011 309 1198 345 Abbatiam
1221 308 1399 359 poiltdebat
1423 323 1486 345 una
1508 324 1587 348 cum
1606 312 1759 352 Grancia
1788 317 1825 354 di

353 351 506 396 Bagnolo
531 354 742 389 renunciavit
759 355 907 401 express'e
922 355 1146 403 appellationi
1163 358 1202 391 ad
1215 354 1528 406 TribunalA.C.‚
1554 363 1823 410 quaminterpo-
1882 387 1883 390 =

348 395 466 433 ,suerat
485 410 503 433 a
522 399 677 436 Decretd
690 401 806 436 Curiae
821 402 1126 447 Archiepiscopalis
1139 428 1150 442 ,
1173 413 1239 448 quo
1261 404 1407 439 redditus
1431 408 1563 458 quida-m
1588 410 1744 447 Abbati-1:
1770 412 1823 447 se-

349 443 578 491 questrationi
599 446 755 492 suppositi
785 447 937 488 fuerant,
964 448 1130 496 solvitque
1158 449 1328 495 integram
1347 453 1637 491 contributionem
1662 457 1821 494 Ducato-

354 502 431 526 rum
447 501 500 533 25.
516 504 553 527 ea
567 492 717 539 express'a
729 492 858 530 ratione
871 522 881 535 ,
903 497 990 544 quod
1009 494 1110 531 Taxa
1129 496 1309 532 constituta
1324 495 1434 533 fuerat
1447 510 1514 535 non
1531 502 1635 539 solum
1648 504 1693 539 ob
1716 506 1823 543 reddi.

356 546 412 572 tus
428 539 588 575 Abbatiae
606 566 615 581 ‚
643 540 696 575 sed
720 540 822 575 etiam
831 544 875 577 ob
900 542 1048 579 redditus
1065 542 1221 579 Granciae
1235 545 1270 578 di
1284 546 1429 589 Bagnolo
1446 547 1480 580 in
1494 549 1607 586 aliena
1621 551 1702 587 licet
1717 553 1823 591 Dioe-

355 583 418 619 cesi
432 584 497 621 fitae
511 612 520 626 ,
546 586 691 634 duasque
712 588 820 623 etiam
847 591 1084 627 reservationes
1108 590 1256 629 adiecit,
1282 590 1421 644 alteram
1440 595 1521 646 ‘ca-su
1535 622 1546 635 ,
1569 609 1638 642 quo
1664 600 1821 637 Semina-

355 631 444 666 rium
459 631 640 669 Uritanum
654 634 827 670 obtineret
855 637 1027 681 injudicio
1040 639 1084 672 ob
1099 638 1184 673 bona
1197 636 1351 673 Graneicc
1366 639 1423 673 lita
1436 641 1546 677 milla
1570 645 1720 682 Dioecess
1734 673 1744 688 ,
1766 651 1822 684 al-

355 687 463 712 teram
478 706 487 719 ,
513 689 549 716 ut
567 680 667 717 Taxa
691 683 899 720 minueretur
919 698 960 720 eo
977 695 1145 731 tempore,
1169 696 1236 736 quo
1260 684 1304 719 ab
1317 687 1583 737 llrebiepiscopo
1606 692 1701 734 juxta
1723 695 1821 731 Con-

355 724 567 762 stitutionem
583 728 751 765 Benedicti
767 728 868 766 x111.
883 732 1057 768 l’ontificis
1071 733 1210 767 maximi
1224 743 1312 766 nova
1328 733 1424 768 heret
1438 744 1515 770 taxa
1529 740 1822 779 contributionum

354 773 506 807 omnium
521 773 766 812 Beneficiorum
777 777 944 815 Civitatis
962 807 970 820 ,
995 781 1025 813 δέ
1043 778 1203 815 Dia-cesis
1215 777 1434 816 Tarentinae:
1458 795 1528 828 quae
1558 794 1669 821 tamen
1698 800 1823 826 nova„

355 817 457 855 Taxa
471 822 625 858 hactenus
638 822 683 857 ab
697 823 967 872 Archiepiscopis
983 825 1068 861 facta
1082 837 1149 862 non
1163 826 1228 861 fuit
1242 850 1250 860 .
1265 825 1440 878 Defuncto
1455 832 1586 866 tandem
1597 833 1826 874 JoanneVin-

355 867 447 900 centi
463 894 473 907 ,
495 868 622 904 collata
638 869 702 904 suit
723 882 812 907 anno
827 885 924 916 174¹-
945 888 963 908 a
988 873 1189 908 Sanffiffimo
1206 874 1358 910 Domluo
1380 875 1504 912 Nostro
1525 878 1703 918 benedieto
1717 882 1823 918 xlv.

355 914 506 950 Abbatia
520 915 572 951 SS.
588 916 706 957 Petri,
731 918 763 952 8<
779 922 927 956 Andreae
942 920 1073 966 ignatio
1088 920 1271 960 Marrefio,
1297 922 1327 956 ἃ
1347 922 1523 969 separatim
1550 937 1588 961 ac
1609 928 1757 965 <listinae
1779 933 1822 966 ab

354 961 476 1001 eadem*
502 963 658 998 Abbatia
682 963 807 999 collata
830 966 895 1002 fuit
918 967 1013 1001 alteri
1042 966 1189 1002 Grancia
1212 971 1247 1003 di
1271 973 1437 1014 adgnato:
1464 974 1540 1008 hinc
1564 974 1652 1010 idem
1670 978 1822 1023 ignatius

352 1018 441 1053 aegre
460 1008 590 1049 ferens,
611 1019 648 1045 ut
661 1022 718 1055 pro
742 1013 836 1048 tenui
861 1014 991 1050 redditu
1008 1014 1166 1050 Abbatiae
1187 1014 1344 1049 solvenda
1372 1016 1409 1052 fit
1424 1018 1524 1056 Taxa
1547 1021 1719 1068 duc.25·.‚
1743 1037 1822 1072 pre-

353 1065 408 1090 ces
419 1056 549 1091 obtulit
563 1058 786 1104 Amplissimis
799 1059 958 1096 Patribus
971 1086 981 1100 ,
1007 1071 1044 1096 ut
1068 1060 1278 1096 minueretur
1291 1071 1365 1098 taxa
1378 1066 1420 1100 ad
1438 1065 1577 1102 formam
1596 1072 1736 1108 concilii
1758 1080 1820 1119 Ιφ-

352 1103 522 1138 manitit.
537 1113 592 1143 30.
612 1108 651 1140 de
666 1106 821 1152 Magistr.
836 1117 905 1155 cap.
916 1110 1094 1153 t.fol.6o6.
1110 1135 1120 1148 ‚
1146 1109 1177 1144 &
1192 1108 1455 1148 constitutionis
1468 1113 1688 1153 Benedictinae
1711 1145 1722 1159 ,
1748 1131 1823 1166 quat

354 1147 446 1184 edita
460 1149 524 1184 fuit
552 1151 586 1185 in
613 1152 765 1199 Append.
788 1153 836 1188 ad
855 1158 977 1190 concil.
995 1158 1058 1200 fol.
1075 1156 1155 1197 289.
1179 1180 1190 1194 ‚
1213 1167 1277 1202 qua
1297 1167 1434 1194 cautum
1452 1161 1515 1196 fuit
1530 1173 1567 1197 ut
1592 1183 1628 1192 --
1653 1165 1821 1209 Ejusmodi

304 1220 332 1237 ,‚
355 1193 456 1232 Taxa
480 1197 576 1239 juxta
601 1199 753 1233 locorum
779 1201 981 1247 qualitatem
1000 1203 1198 1249 respondere
1227 1204 1342 1239 debeat
1367 1206 1496 1243 summae
1523 1208 1691 1247 scutorum
1718 1214 1821 1249 trium

304 1268 332 1284 ,‚
356 1251 414 1287 pro
436 1244 588 1288 quolibet
613 1245 823 1281 Centenario
848 1258 1071 1291 proventuum
1103 1248 1267 1285 Beneficii
1295 1264 1302 1283 .·
1346 1250 1388 1285 Et
1422 1254 1443 1288 fi
1466 1257 1646 1293 necessitas
1670 1269 1790 1305 urgeat
1807 1284 1820 1300 ‚

303 1312 330 1330 2,
353 1298 492 1331 ageatur
517 1291 619 1327 etiam
637 1293 740 1338 usque
761 1294 800 1328 ad
827 1294 986 1330 summam
1017 1298 1166 1342 quinque
1193 1307 1252 1341 pro
1274 1297 1485 1335 Centenario
1500 1328 1510 1342 ,
1537 1304 1622 1338 itaut
1639 1317 1817 1353 numquam

303 1360 329 1379 „
353 1329 462 1370 minor
482 1336 584 1374 scutis
607 1338 739 1380 tribus,
763 1352 872 1388 neque
894 1343 1002 1385 major
1026 1342 1178 1378 iitscutis
1191 1345 1340 1390 quinque
1362 1358 1426 1391 pro
1439 1349 1586 1394 quolibet
1601 1352 1820 1396 centenario,

304 1407 329 1423 2,
353 1383 385 1418 &
411 1384 516 1419 Anno
532 1406 566 1413 -—
593 1385 730 1422 Audito
754 1388 869 1435 itaque
891 1390 956 1431 jam
973 1390 1272 1436 Archiepiscopo,
1296 1391 1405 1428 Causa
1427 1407 1517 1431 nunc
1539 1397 1728 1436 definienda
1741 1412 1820 1447 pro·
1861 1412 1871 1425 ¹

351 1430 493 1475 ponitur
510 1457 520 1471 ,
547 1441 689 1479 urgente
703 1433 841 1481 Ignatio
867 1446 954 1472 taxae
969 1438 1176 1484 gravitatem
1190 1464 1200 1477 ,
1225 1448 1356 1473 mutato
1371 1451 1478 1476 rerum
1494 1442 1576 1478 statu
1591 1473 1599 1485 ‚
1626 1447 1658 1480 &
1680 1448 1821 1494 separa-

351 1486 385 1510 ta
407 1477 565 1515 Abbatia
593 1480 774 1516 aGrancia
794 1496 800 1516 :
828 1483 960 1519 Caetera
983 1486 1094 1532 legent
1109 1485 1368 1521 Eminentiflimi
1383 1486 1497 1525 Patres
1521 1491 1556 1525 in
1569 1493 1643 1528 eius
1662 1493 1794 1532 Libello
1809 1509 1821 1531 ε

357 1535 375 1558 a
388 1523 577 1562 Seminario
594 1526 683 1562 nihil
698 1528 894 1566 habuimus:
916 1532 1071 1567 Dubium
1084 1542 1187 1566 unum
1201 1532 1246 1579 est
1258 1561 1266 1569 .

306 1569 386 1608 An,
414 1575 457 1608 Θ
485 1575 518 1607 in
544 1586 611 1621 qua
623 1575 756 1618 summa
779 1576 944 1613 debeatur
968 1578 1178 1614 contributio
1195 1585 1235 1615 V.
1249 1584 1437 1617 seminario
1453 1587 1630 1623 Tarentino
1654 1587 1696 1624 ab
1720 1593 1817 1635 Igna.

352 1619 403 1653 tio
417 1623 567 1666 Marres'e
588 1631 654 1670 pro
671 1623 831 1664 Beneficio
843 1650 853 1664 ,
873 1626 933 1670 seu
949 1626 1105 1666 Abbatia
1120 1631 1178 1662 SS.
1194 1631 1295 1665 Petri
1308 1653 1319 1668 ,
1346 1632 1389 1666 (ἂν
1404 1631 1546 1668 Andreae
1561 1635 1595 1668 in
1610 1636 1684 1681 casu
1696 1640 1770 1674 &a
1814 1681 1817 1686 r

474 1728 659 1783 Dilata
678 1771 691 1795 ‚
729 1740 778 1787 ὃς
798 1737 863 1788 ad
885 1754 1114 1795 mentem
1134 1781 1147 1795 .

22 1852 259 1901 Sest.25·-c.x9.
302 1857 613 1943 LISBONEN.
636 1865 943 1904 NULLITATIS
971 1871 1326 1910 PROFESSIONIS=
1350 1875 1482 1923 Species
1503 1877 1602 1921 hujus
1616 1879 1736 1917 Causae
1759 1883 1817 1918 da-

19 1896 153 1943 deRef·
408 1916 443 1942 ta
468 1907 534 1943 fuit
555 1910 590 1945 in
616 1915 710 1950 Folio
737 1921 1014 1964 Congregationis
1038 1920 1162 1956 habitae
1178 1923 1231 1956 die
1248 1931 1304 1968 25.
1324 1927 1494 1968 {Janiarii
1507 1930 1587 1962 anni
1600 1938 1682 1974 ¹744
1715 1929 1819 1975 ²quod

349 1954 479 1990 editum
494 1955 559 1991 fuit
576 1961 744 1996 Vol-XHI.
770 1964 861 2007 Thes.
883 1967 985 2011 Rcfhl.
1016 1972 1091 2002 Sac.
1110 1974 1263 2015 Congreg.
1279 1980 1362 2018 pag.
1377 1981 1430 2007 20.
1457 1972 1626 2018 Proposita
1650 1978 1818 2022 quidem..

348 2012 389 2037 ea
411 2002 464 2038 die
484 2002 604 2040 Causa
618 2017 687 2042 non
704 2007 774 2043 vfuit
789 2035 799 2047 ,
826 2011 877 2044 sed
905 2011 1068 2058 propofita
1081 2040 1092 2053 ,
1123 2015 1153 2049 &
1171 2014 1311 2051 definita
1330 2018 1395 2053 suit
1416 2018 1614 2066 insequenti
1630 2027 1818 2073 Coei-grega-

349 2051 441 2085 tione
465 2051 535 2087 diei
547 2053 604 2088 28.
631 2054 815 2091 Februarii
834 2056 978 2100 ejusdem
1000 2061 1099 2101 anni,
1122 2063 1206 2096 utin
1231 2064 1348 2100 eodem
1365 2067 1535 2101 Vol-VIII.
1562 2069 1744 2117 Thefipag.
1761 2079 1817 2110 33·

349 2095 532 2143 Postquam
558 2099 663 2144 igitur
682 2100 854 2138 Feliciana
884 2105 993 2141 Britto
1015 2107 1167 2143 obtinuit
1189 2108 1225 2143 in
1239 2110 1406 2157 integrum
1420 2112 1549 2149 restitui
1563 2114 1718 2158 adversus
1728 2119 1818 2155 Pro·
1852 2160 1856 2167 .

350 2140 544 2184 feffionem,
568 2157 671 2191 quam
697 2147 896 2197 vimetuque
908 2154 1085 2194 emiserat,
1109 2155 1290 2192 Pontificio
1305 2157 1426 2200 Brevi,
1452 2170 1489 2196 ut
1514 2160 1586 2196 fieri
1607 2162 1693 2198 solet
1713 2189 1724 2203 ,
1747 2173 1815 2198 ex·
1855 2169 1858 2174 “

349 2188 486 2234 pedite,
514 2191 583 2227 lata
608 2193 674 2229 fuit
695 2194 861 2233 sententia
873 2198 1093 2237 restitutionis
1104 2203 1147 2237 ab
1163 2204 1433 2252 Archiepiscopo
1446 2208 1819 2246 Lacedemonienfivi-

349 2236 448 2270 cario
459 2235 620 2274 Generali
635 2242 889 2280 Eminentiffimi
904 2247 1108 2284 Patriarchae
1133 2275 1143 2289 ‚
1167 2262 1233 2297 qua
1263 2251 1433 2289 reservata
1461 2266 1599 2302 quoque
1619 2255 1683 2292 fuit
1707 2257 1817 2295 eidem

348 2281 532 2318 Felicianae
544 2287 631 2320 actio
655 2289 694 2322 de
706 2290 867 2326 nullitate
881 2294 1120 2337 Professiom's,
1146 2298 1288 2343 ideoque
1314 2300 1438 2345 praevio
1452 2301 1588 2342 libello,
1613 2304 1728 2339 eadem
1754 2303 1815 2340 Fe·

350 2329 477 2365 liciana
492 2331 639 2375 petiitin
665 2337 778 2371 eodem
801 2338 982 2376 Tribunali
997 2343 1258 2379 declarationem
1272 2347 1443 2383 nullitatis
1467 2349 1612 2388 eiusdem
1633 2350 1815 2386 professio-

350 2375 404 2410 nis
418 2404 424 2411 .
451 2376 545 2412 Licet
562 2388 673 2414 autem
689 2383 779 2427 apud
802 2395 915 2420 omnes
938 2388 1096 2424 forenses
1111 2390 1278 2425 Doctores
1293 2394 1468 2439 vulgatum
1481 2395 1519 2430 fit
1540 2394 1814 2433 declarationem

350 2423 440 2458 hanc
454 2433 520 2471 pro
535 2427 648 2468 fhrma
675 2427 783 2463 solum
801 2433 870 2476 peti
892 2456 902 2471 ‚
927 2434 1098 2480 postquam
1124 2438 1165 2470 ab
1184 2438 1249 2472 hac
1275 2438 1374 2474 Sacra
1397 2440 1676 2490 Congregatione
1702 2445 1815 2482 Causa

348 2468 575 2507 restitutionis
593 2472 627 2508 in
648 2472 822 2520 integrum
835 2478 932 2523 plene
950 2506 961 2520 ,
986 2482 1016 2515 ὰ
1032 2506 1044 2521 ,
1069 2491 1106 2516 ut
1119 2481 1191 2519 fieri
1215 2483 1301 2519 solet
1316 2512 1326 2525 ,
1351 2486 1543 2534 diligenter
1564 2492 1701 2537 cognita
1716 2491 1780 2528 fuit
1799 2518 1812 2534 ,

347 2516 1129 2611 52³1?ssss‘132‘33'33‘1'233³30²ss113532‘1i32ff‘33‘552
1136 2533 1718 2621 ·335232‘1'511‘aisz⁰ffiffss⁰ssf⁵ffae2ffi21¹
1732 2551 1813 2622 323*

348 2607 494 2659 nasterio
523 2613 646 2656 pluries
681 2617 810 2652 monita
829 2645 840 2658 ,
865 2630 966 2667 atque
986 2622 1201 2668 interpellata
1225 2607 1424 2662 deelaverat’
1444 2629 1529 2666 nihil
1557 2631 1702 2672 habere,
1723 2633 1814 2679 quod

347 2664 544 2707 exciperet,
569 2659 708 2706 ideoque
733 2665 855 2706 reiecta
873 2666 980 2702 fuerat
995 2680 1012 2702 a
1032 2669 1299 2716 liminegludicii
1314 2680 1324 2694 ‘
1350 2674 1430 2714 lite,
1457 2676 1615 2724 inquam,
1640 2693 1715 2716 cum
1729 2682 1813 2715 Pro·

345 2709 476 2738 motore
496 2702 617 2740 Fiscali
650 2710 856 2753 contestata,
883 2714 1064 2754 decretum
1094 2716 1160 2754 fnit
1187 2744 1198 2759 ,
1221 2729 1260 2755 ut
1280 2721 1448 2758 Moniales
1472 2722 1624 2764 formiter
1653 2729 1816 2776 pridem-a
1839 2746 1844 2750 ·

1692 2786 1769 2811 exa·
