1883 2907
381 96 483 166 4²Ad
503 128 526 163 1.
553 123 758 160 affirmative
782 123 915 167 adiecto
939 134 1039 159 onere
1060 123 1209 159 duorum
1230 122 1541 162 anniversariorum
1567 127 1669 163 unius
1691 136 1811 180 nempe

327 189 390 223 pro
413 180 540 219 joanna
555 172 747 224 Caeli-na,
775 171 918 222 alterius
942 183 1007 219 pro
1032 171 1304 210 benefactoribus
1330 170 1416 206 tacto
1434 175 1543 209 verbo
1570 187 1648 212 cum
1662 176 1809 214 Sanctis-

327 224 407 260 simo
430 247 440 258 .
469 222 524 256 Ad
547 218 593 257 11.
623 219 704 255 satis
726 218 930 267 provrsum,

114 361 238 399 s2ffi14.
250 363 303 393 mi
453 360 811 401 ONASTERIEN.,
836 361 925 398 SEU
951 361 1303 399 PADERBONEN.
1336 363 1659 401 MATRIMONH
1684 379 1694 400 ε
1720 368 1806 416 Spe.

98 402 132 433 3⁶
147 403 302 442 '‘susum''
334 364 440 450 M
470 411 536 445 cies
549 410 650 452 hujus
666 408 785 444 Causa:
803 412 983 453 repetenda
1003 411 1050 444 est
1069 422 1088 444 e
1110 410 1193 448 folio
1223 415 1501 457 Congregationis
1516 439 1527 452 ‚
1550 426 1624 460 qux
1653 415 1806 453 habita...

378 459 445 494 suit
460 461 513 494 die
528 468 584 497 25·
601 456 783 493 Februarii
800 469 853 492 an·
873 467 973 503 1741.
993 457 1085 504 quod
1102 458 1135 491 in
1148 457 1261 492 lucem
1275 457 1450 494 hominum
1465 460 1593 496 editum
1608 460 1671 495 fuit
1685 463 1806 499 vol.x.

380 504 700 551 ThesaurdQsolnt.
729 509 805 540 sac.
823 509 937 550 Congr.
963 513 1044 552 pag.
1062 515 1116 540 21.
1144 515 1183 539 ea
1208 505 1322 547 itaque
1343 504 1398 540 die
1418 505 1541 543 Dubio
1567 508 1737 553 proposito
1762 524 1805 547 an

375 553 500 595 constet
522 554 560 586 de
584 551 750 586 nullitate
777 554 997 588 Matrimonii
1025 555 1059 588 in
1087 552 1164 595 cafit
1182 556 1259 590 &a
1283 551 1488 588 censuerunt
1508 555 1713 599 Amplissimi
1737 556 1805 591 Pa—

376 610 445 636 tres
468 596 736 642 respondendum
759 595 825 634 ess'e
839 618 871 625 --
899 605 952 634 Ex
977 599 1140 635 haetenus
1167 601 1320 636 deductis
1349 600 1571 644 Affirmative
1590 620 1624 630 —-
1654 603 1803 640 Posthac

374 659 453 683 cum
470 648 573 680 Anna
587 644 766 682 Francisea
783 644 962 682 Dorothea.
985 644 1156 682 Baroniffa
1182 647 1223 682 de
1250 647 1401 682 Althaus
1423 655 1563 693 urgeret
1587 674 1598 688 ,
1621 656 1656 682 ut
1678 648 1799 685 decla-

375 701 512 729 raretur
532 692 684 735 absolute
704 691 845 728 nullitas
859 693 1102 734 Matrimonii,
1128 693 1294 740 rescripsit
1310 695 1447 729 Sacrum
1477 694 1650 730 Tribunal
1672 695 1727 730 die
1744 707 1803 736 20.

375 739 527 784 Januarii
547 747 641 784 1742.
667 747 704 772 ut
727 741 870 775 daretur
886 742 1046 785 Defensor
1065 745 1288 777 Matrimonio
1303 767 1314 781 ,
1342 754 1409 788 quo
1434 741 1512 777 dato
1540 742 1655 788 petitae
1670 742 1808 781 fuerunt

379 785 633 822 Remifforiales
646 785 687 819 ad
700 787 928 832 probationes
954 786 1119 823 faciendas
1134 817 1141 825 .
1167 788 1324 824 Auditus
1349 789 1455 836 igitur
1486 788 1550 824 fuit
1566 789 1724 827 vicarius
1738 790 1806 826 Ge-

375 833 500 869 neralis
521 831 802 873 paderbonensis,
830 835 862 869 ὅ(
892 844 1004 870 coram
1030 835 1162 877 iudice,
1190 836 1245 871 cui
1269 841 1425 873 mandata
1451 836 1559 871 fuerat
1574 835 1764 877 Juri'sdictio
1787 851 1809 874 a

379 879 524 915 Nuncio
538 878 736 924 Apostolico
753 881 794 915 ad
811 880 974 918 Tractum
987 881 1105 919 Rheni
1129 882 1226 918 testes
1246 884 1408 927 formiter
1430 884 1631 929 interrogati
1645 883 1802 921 fuerunta

381 927 494 962 Causa
516 938 603 960 nunc
623 927 747 962 iterum
772 929 975 975 proponitur
991 956 1000 969 ,
1027 931 1126 973 cujus
1141 932 1212 965 duae
1226 938 1342 975 partes
1366 930 1442 966 sunt
1456 957 1466 971 ,
1493 933 1599 966 altera
1620 932 1802 977 quaeritur,

380 986 423 1008 an
439 974 699 1008 Matrimonium
713 978 923 1012 contraditum
938 977 1051 1015 mense
1070 976 1221 1025 Augusto
1245 977 1324 1012 anni
1345 989 1438 1019 1733·
1464 990 1580 1014 coram
1595 979 1747 1015 Parocho
1761 982 1804 1017 de

381 1020 563 1064 b'iaeifcbr·cl1
589 1020 725 1056 nullum
751 1049 761 1063 ‚
796 1024 853 1059 vel
874 1023 1024 1061 validum
1045 1024 1147 1062 suerit
1173 1051 1184 1065 ‚
1224 1026 1332 1060 altera
1355 1036 1437 1059 vero
1461 1026 1662 1072 disquiritur
1679 1053 1688 1068 ,
1715 1038 1757 1061 an
1777 1025 1805 1063 st
1862 1040 1863 1045 ¹

379 1068 510 1103 nullum
535 1066 658 1107 fuerit,
681 1069 904 1107 retihabitum
930 1071 1004 1107 inde
1032 1073 1212 1108 dicendum
1235 1069 1272 1106 sit
1300 1087 1309 1106 ε
1332 1072 1498 1108 Rationes
1523 1073 1696 1119 utriusque
1713 1086 1804 1122 quae·-

379 1114 494 1151 stionis
515 1115 721 1161 cognoscere
736 1127 898 1161 poterunt
910 1117 1173 1156 Eminentiffimi
1188 1120 1306 1155 Patres
1320 1132 1338 1155 e
1362 1121 1486 1156 libellis
1505 1145 1515 1158 ‚
1539 1121 1594 1167 qui
1612 1121 1690 1158 hinc
1718 1122 1798 1159 inde

379 1172 626 1210 proponuntur
643 1190 654 1203 ,
677 1170 716 1198 ut
739 1164 943 1211 respondere
964 1168 1091 1213 postint
1107 1195 1115 1204 .

339 1211 397 1246 'tAn
417 1209 461 1251 sit
478 1209 656 1252 standum,
681 1211 742 1247 vel
765 1215 983 1253 recedendum
1011 1228 1032 1250 ι
1062 1215 1188 1260 Decifis
1214 1220 1249 1253 in
1273 1217 1349 1263 cafic
1374 1220 1450 1254 &c-

431 1307 551 1345 Dilata
569 1338 577 1350 .,

99 1422 306 1504 {ffgfffljffl
337 1448 415 1530 C
429 1448 702 1499 SANADIEN.
727 1452 908 1500 Episcopus
924 1453 1155 1490 Csanadienfis
1169 1454 1316 1502 speciem
1331 1454 1418 1490 hanc
1433 1464 1572 1505 ,nquam
1595 1453 1694 1499 ipsius
1721 1464 1805 1490 ver-

442 1497 492 1530 bis
510 1498 624 1534 damus
639 1525 649 1539 ‚
674 1500 808 1535 definiri
828 1501 966 1546 postulat
994 1504 1038 1538 ab
1054 1503 1267 1547 Amplissimo
1285 1502 1348 1538 hoc
1372 1502 1504 1536 Ordlne
1520 1516 1526 1534 :
1544 1527 1566 1539 ‚,
1590 1501 1696 1536 Clara
1725 1503 1805 1536 Sze-

383 1567 405 1583 η
431 1544 513 1590 kely
540 1555 622 1581 nata
652 1547 861 1584 Calviniana
888 1550 995 1595 nupsit
1019 1551 1055 1584 in
1076 1550 1333 1596 Transylvania
1353 1550 1489 1585 cuidam
1517 1548 1599 1583 Viro
1625 1548 1806 1590 Calvino,

381 1613 408 1629 ‚‚
432 1601 498 1636 quo
512 1603 646 1628 mortuo
658 1594 771 1641 nupsit
796 1597 921 1632 iterato
940 1598 1027 1633 Viro
1041 1597 1249 1637 Catholico,
1273 1609 1349 1632 cum
1370 1608 1437 1643 quo
1453 1596 1559 1630 etiam
1585 1595 1627 1631 ad
1649 1595 1802 1647 Fidem?

381 1660 404 1678 ‚‚
425 1637 660 1675 orthodoxam
681 1643 840 1678 conversa
866 1645 957 1679 vixit
980 1645 1076 1681 annis
1092 1645 1253 1691 aliqu0t3
1279 1645 1350 1690 lpso
1372 1644 1497 1691 pariter
1517 1652 1674 1679 emortuo
1700 1650 1807 1679 vemt

381 1708 404 1724 ‚,
428 1683 710 1723 Temesvarinum
724 1689 758 1723 in
774 1691 988 1738 Hungariam
1006 1718 1015 1730 ‚
1035 1693 1092 1728 ubi
1118 1691 1304 1727 Calvinam
1325 1692 1356 1726 se
1377 1690 1532 1726 simulans
1547 1715 1558 1728 ‚
1579 1701 1695 1726 coram
1723 1689 1805 1733 Epi-

381 1756 406 1769 „
419 1730 529 1779 scopo
547 1733 768 1771 Schismatico
782 1738 931 1777 abiurata
951 1740 1037 1774 secta
1050 1739 1258 1774 Calviniana
1269 1766 1280 1778 ,
1305 1739 1452 1775 Schisma
1469 1737 1628 1773 Graccum
1643 1736 1779 1783 profess'a
1792 1762 1805 1776 ‚

383 1803 404 1817 2,
432 1780 689 1817 Matrimonium
714 1795 790 1818 cum
817 1785 1042 1822 Schismatico
1066 1789 1196 1826 inivit,
1222 1787 1254 1822 &
1278 1799 1319 1822 ex
1337 1786 1496 1821 mandato
1511 1785 1665 1832 Episcopi
1691 1795 1805 1820 coram

379 1848 404 1863 2,
432 1825 583 1862 Parocho
597 1828 709 1865 Graeci
735 1830 836 1867 Ritus
851 1832 1028 1869 Sacerdote
1049 1834 1207 1878 copulata
1235 1833 1301 1869 est:
1328 1832 1404 1869 Post
1425 1832 1651 1868 intervallum
1673 1840 1807 1882 tempo-

381 1896 404 1909 „
428 1872 475 1907 ris
489 1875 599 1924 delata
618 1875 664 1911 est
677 1876 781 1913 Clara
809 1881 848 1914 ad
862 1880 1063 1926 Episcopum
1075 1881 1295 1916 Catholicum
1309 1907 1318 1920 ‚
1340 1893 1378 1915 ac
1393 1881 1595 1925 deprehenia
1609 1877 1800 1913 Catholicae

384 1944 406 1957 „
432 1919 640 1956 Proieffionis
657 1950 667 1962 ,
693 1934 797 1967 prout
824 1927 857 1961 in
877 1928 1083 1963 consistorio
1098 1927 1240 1973 ipsamet
1267 1930 1377 1974 palam
1405 1926 1482 1962 faffa
1509 1928 1581 1961 est:
1605 1926 1714 1971 Super
1733 1934 1803 1970 quo

380 1990 403 2005 ²³
428 1964 674 2018 Consistorium
691 1971 842 2012 iudicans
867 1985 910 2009 ex
936 1987 1002 2010 una
1017 1985 1112 2021 parte
1124 1975 1261 2020 quidem
1274 1974 1440 2010 malitiose
1461 1971 1635 2008 reticuisse
1655 1970 1776 2006 Fidem
1794 1995 1806 2010 ,

378 2035 401 2051 ‚‚
426 2013 457 2046 &
476 2023 524 2048 ita
537 2014 653 2050 dolose
665 2018 889 2055 Schismatico
910 2023 1102 2066 copulatam
1125 2033 1143 2055 a
1167 2021 1323 2056 Parocho
1340 2032 1407 2055 non
1437 2020 1590 2066 proprio:
1622 2018 1672 2054 Ex
1693 2018 1814 2053 altera..

379 2083 402 2098 ‚2
428 2071 512 2096 vero
532 2072 629 2108 parte
641 2063 722 2098 Viri
740 2091 750 2104 ,
779 2076 904 2112 utpote
920 2068 1112 2104 innocentis
1125 2094 1136 2108 ,
1157 2069 1189 2104 &
1215 2071 1299 2103 bona
1324 2068 1393 2103 fide
1409 2066 1621 2112 procedentis
1645 2065 1732 2116 (cui
1751 2074 1809 2099 ta-

378 2130 402 2143 „
427 2117 504 2141 men
517 2109 562 2143 ob
573 2110 669 2145 Fidei
686 2112 898 2150 Orthodoxae
911 2115 1104 2152 amittendae
1132 2115 1318 2162 periculum
1337 2115 1537 2150 cohabitare
1567 2121 1684 2158 neqult
1701 2112 1719 2163 )
1744 2112 1806 2146 Pa·

378 2176 402 2191 „
427 2154 571 2205 rochum
585 2155 678 2190 fuisse
695 2161 894 2206 proprium:
925 2162 1057 2198 Mututs
1080 2164 1114 2198 3<
1129 2163 1281 2197 Collatis
1302 2174 1358 2208 pro
1381 2163 1415 2197 8<
1439 2170 1560 2197 contra
1587 2159 1807 2198 rationibus.

378 2224 402 2238 ‚‚
427 2199 613 2235 consultius
627 2205 757 2241 censuit
775 2207 1020 2244 consistorium
1042 2221 1101 2257 pro
1121 2210 1305 2244 decidenda
1335 2210 1396 2244 hac
1425 2208 1522 2243 causa
1547 2207 1722 2257 recursum
1751 2203 1806 2256 fa-

378 2271 401 2287 ³,
424 2257 501 2280 cere
531 2248 570 2281 ad
590 2249 621 2283 S.
633 2249 752 2286 Sedem
775 2255 1033 2300 Apostolicam‚
1059 2268 1100 2292 an
1129 2256 1298 2291 videlicet
1337 2257 1403 2291 hoc
1429 2254 1694 2289 Matrimonium
1715 2252 1808 2288 vali-

377 2317 400 2333 „
425 2293 508 2328 dum
526 2294 588 2346 sit,
614 2305 673 2331 aut
696 2297 888 2336 invalidum
911 2304 942 2337 &
968 2315 1011 2338 ex
1035 2303 1114 2337 hinc
1137 2303 1381 2345 separationem
1407 2300 1629 2336 interinalem
1651 2300 1692 2336 ad
1716 2308 1807 2333 tem-

377 2364 400 2378 ,‚
426 2351 485 2386 pus
505 2342 662 2377 nimirum
681 2346 886 2389 accipiendae
904 2348 1141 2384 declarationis
1164 2349 1245 2383 fecit
1262 2349 1353 2383 inter
1367 2348 1496 2383 eosdem
1513 2362 1519 2381 :
1546 2348 1718 2382 Pendente
1741 2345 1804 2381 hac

379 2411 401 2426 ,,
427 2396 555 2422 interea
568 2388 678 2424 Causa
691 2390 794 2427 Clara
810 2395 973 2429 eumalio
991 2395 1075 2430 Viro
1089 2395 1456 2431 Romano-Catholieo
1485 2396 1519 2428 in
1544 2394 1630 2429 facie
1650 2391 1807 2429 Ecclesiae

379 2456 401 2471 ,,
427 2434 687 2484 Matrimonium
714 2441 909 2476 contraxit:
937 2442 1147 2488 supplicatur
1174 2442 1320 2488 proinde
1346 2440 1538 2477 humillime
1569 2452 1632 2489 pro
1645 2440 1804 2476 declara-

380 2504 402 2517 „
427 2488 518 2516 tione
533 2507 542 2519 ,
563 2483 652 2527 quod
680 2496 757 2520 nam
781 2498 823 2521 ex
849 2487 902 2523 his
922 2487 1050 2524 duobus
1075 2487 1258 2523 subsistat.²
1284 2496 1359 2523 ΗΜ
1376 2490 1558 2535 Lpisiopus
1577 2513 1587 2523 .
1848 2530 1852 2533 ,

334 2524 497 2576 Monente
514 2529 779 2568 Eminentissimo
799 2533 894 2569 Sacri
915 2534 1012 2578 hujus
1039 2534 1250 2570 Tribunalis
1281 2535 1465 2574 Ρηῖεᾱο,
1489 2545 1628 2582 rogatus
1655 2533 1721 2569 fuit
1747 2534 1806 2568 do-

378 2572 532 2622 Qlflunus
543 2576 724 2624 Societatis
739 2580 812 2620 Jesu
826 2579 1031 2628 Theologus
1045 2608 1055 2622 ‚
1080 2591 1119 2617 ut
1132 2582 1346 2617 Sententiam
1362 2582 1453 2617 suam
1467 2585 1618 2627 aperiret
1631 2608 1641 2622 ,
1666 2585 1803 2627 respon-

375 2618 489 2663 ditque
509 2620 659 2656 validum
674 2625 806 2660 censere
836 2628 985 2672 primum
1000 2657 1010 2670 ‚
1037 2639 1105 2664 non
1131 2628 1313 2664 secundum
1329 2628 1591 2665 Matrimonium
1607 2657 1617 2669 ,
1642 2628 1805 2673 necquic-

375 2676 477 2713 quam
500 2665 653 2705 obstante
679 2669 886 2710 simulatione
911 2675 1116 2718 ciui-ationis
1141 2675 1274 2714 haeresis
1303 2675 1522 2712 Calvinianae
1541 2703 1551 2718 ,
1577 2676 1705 2712 etenim
1734 2673 1803 2707 five

1718 2730 1800 2758 vera
