1883 2907
348 75 459 154 c6jendi
476 140 484 152 ‚
509 107 666 156 quamdiu
684 108 739 143 vel
765 105 854 151 Regi
883 105 1073 150 placuerit,
1105 105 1159 142 vel
1188 106 1370 152 negocium
1389 107 1555 153 postulet.
1580 107 1615 145 ὅτ
1640 110 1780 146 necessi-

352 173 399 198 ης
416 162 551 205 exigat,
577 155 777 190 l'arochiani
804 154 885 189 siant
904 153 1001 188 illius
1023 154 1175 190 Ecclesiae
1199 156 1261 189 suae
1292 165 1357 200 qua
1388 156 1496 196 lai-cs,
1519 156 1669 203 aedesque
1703 157 1779 193 suas

352 210 501 245 habent.
530 206 565 240 ln
583 204 799 238 Sacrainento
823 199 982 246 liquidem
996 201 1216 237 Matrimonii
1234 227 1244 240 ‚
1271 202 1311 235 ad
1325 201 1550 238 differentiam
1565 204 1776 240 sacramenti

352 255 489 291 Ordinis
504 279 513 293 ‚
534 251 590 298 qui
615 249 747 296 speciali
765 249 899 284 ratione
912 259 1054 288 verum,
1088 249 1298 294 strictumque
1321 249 1534 287 domicilium
1563 251 1705 297 postulat
1735 252 1776 288 ad

354 308 454 339 Text.
467 304 501 337 i„
517 310 590 346 sas,
606 298 719 334 nullus
737 298 775 332 de
794 300 905 343 Temp.
920 297 1036 330 ordin.
1051 300 1084 332 in
1101 303 1137 330 6.
1165 296 1191 331 is
1209 295 1362 342 proprius
1376 298 1503 334 dicitur
1514 298 1683 335 Parochus
1702 326 1711 339 ,
1739 301 1777 336 in

349 345 628 386 cuiusParochia
654 345 847 379 contractus
875 352 1027 386 tempore
1051 343 1141 377 alter
1161 356 1203 378 ex
1233 344 1510 382 contrahentibus
1534 346 1689 388 habitat,
1715 347 1776 395 qui

352 396 519 432 incolatus
544 394 638 435 juxta
653 391 817 425 moralem
835 389 994 434 loquendi
1011 392 1147 426 modum
1174 402 1240 424 non
1264 390 1355 426 deest
1368 417 1378 430 ,
1398 393 1428 428 δι
1449 393 1527 429 satis
1541 393 1605 429 esse
1617 394 1775 442 reputari

352 443 453 479 debet
476 442 558 479 ille,
583 449 682 485 quein
709 438 832 472 habent
860 436 1065 480 Magnates,
1090 437 1158 473 sive
1185 436 1355 474 Varsaviae
1378 467 1387 480 ,
1411 440 1481 476 sive
1509 441 1593 477 alibi
1615 442 1774 489 proprias

352 489 440 526 aedes
464 487 676 523 habitantes;
702 483 879 518 moi-aliter
901 483 991 518 enim
1006 512 1016 524 ‚
1039 486 1071 520 8<
1092 488 1178 521 reete
1206 487 1377 533 loquendo
1404 487 1564 526 habitare
1580 513 1592 528 2
1614 501 1685 526 non
1709 492 1774 524 ho-

350 537 488 582 spinum
503 534 625 568 habere
641 532 826 566 dicuntur.
854 531 979 578 Neque
1004 531 1112 568 ullam
1141 534 1211 570 vim
1226 533 1334 568 facere
1360 534 1466 570 debet
1494 536 1774 573 indeterminatio

352 582 453 618 animi
474 607 483 620 ‚
507 590 605 626 quam
618 587 714 625 urget
730 579 940 625 Episcopus,
965 578 1197 628 distinguenda
1212 581 1302 617 enim
1327 581 1370 616 est
1396 583 1677 620 indeterminatio
1693 586 1775 619 ani-

350 631 395 664 iiii
425 631 531 674 quoad
546 636 679 674 tempus
696 626 867 662 habitandi
895 627 935 660 ab
964 627 1285 665 indeterminatione
1301 629 1407 665 animi
1432 633 1539 675 quoad
1559 631 1774 666 domicilium

350 675 638 712 contrahendum,
664 675 781 708 damus
808 674 964 720 equidem
989 674 1285 713 indeterminatum
1307 676 1370 711 effe
1400 676 1438 711 M
1488 687 1604 714 natum
1621 678 1774 714 animum

347 726 453 769 quoad
477 732 604 768 tempus
627 721 825 760 habitandi,
851 723 972 766 pendet
988 722 1080 757 enim
1102 734 1121 757 a
1152 726 1330 760 voluntate
1345 724 1399 760 Re
1427 737 1450 759 is
1469 752 1477 765 ,
1503 738 1522 760 a
1549 725 1702 773 negociis
1721 752 1732 767 ,
1755 736 1779 760 a

348 769 562 810 necessitate,
589 769 642 804 sed
659 779 725 803 non
753 769 893 805 videtur
908 769 975 804 dici
1002 769 1089 815 poss'e
1105 772 1282 820 Magnates
1301 772 1425 807 habere
1443 772 1594 808 animum
1622 772 1774 810 indeter-

348 816 513 852 minatum
532 814 645 863 quoad
661 815 874 852 domicilium
887 817 1154 854 contrahendum
1165 845 1175 858 ‚
1207 821 1296 855 hunc
1311 819 1399 854 enim
1421 820 1683 857 determinatum
1699 819 1774 856 ani-

348 874 440 897 mum
458 872 726 904 contraxerunt,
751 866 827 899 dum
842 864 1013 900 Varsaviae
1027 889 1037 903 ‚
1061 865 1117 900 vel
1143 867 1224 901 alibi
1252 868 1308 903 vel
1323 867 1409 903 aedes
1429 868 1664 903 conduxerunt
1678 894 1689 909 ,
1711 868 1772 904 vel

354 918 505 946 emerunt
521 938 530 950 ‚
554 909 641 943 itaut
666 909 687 944 fi
704 923 757 945 res
776 912 862 946 recte
882 912 1144 953 consideretur,
1169 914 1349 961 Magnates
1373 915 1425 950 illi
1448 915 1519 951 dici
1545 915 1687 950 debeant
1720 915 1772 951 di-

351 959 446 993 versa
471 957 649 992 donucissa
677 958 902 996 contraxissb.

300 1005 426 1051 Neque
445 1013 550 1039 mutat
565 1003 742 1040 diversitas
757 1005 820 1043 illa
832 1032 843 1046 ,
867 1010 898 1044 δι
918 1008 1094 1054 pluralitas
1111 1009 1366 1046 habitationum
1379 1036 1390 1051 ,
1406 1009 1486 1064 quia
1499 1010 1537 1046 in
1552 1010 1605 1046 his
1616 1010 1771 1047 eircum-

346 1052 476 1086 stantiis
491 1079 500 1092 ‚
527 1062 601 1086 cuin
626 1061 768 1098 uterque
783 1054 953 1092 parochus
979 1064 1051 1091 turn
1077 1057 1222 1102 originis
1239 1067 1310 1093 tum
1333 1058 1506 1094 domicilii
1530 1058 1685 1106 proprius
1705 1057 1769 1098 fit,

349 1099 380 1133 &
398 1098 459 1134 hac
475 1098 608 1134 ratione
620 1099 737 1146 accipi
751 1101 900 1140 debeant
913 1103 1054 1140 Parochi
1070 1104 1313 1141 Varsavienses
1333 1117 1374 1140 eo
1401 1115 1553 1153 tempore
1565 1133 1576 1146 ,
1601 1118 1671 1154 quo
1685 1105 1771 1140 Ma-

346 1154 466 1190 gnates
483 1145 659 1182 Varsaviae
679 1147 712 1182 in
726 1160 848 1186 eorum
863 1151 1035 1187 Parochiis
1049 1163 1180 1188 moram
1196 1158 1335 1188 trahunt
1350 1179 1360 1192 ‚
1384 1154 1610 1201 consequitur
1623 1180 1634 1194 ,
1657 1163 1694 1187 ut
1721 1151 1766 1188 ad

347 1192 564 1228 Matrimonii
581 1194 798 1232 validitatem
825 1199 967 1235 sufficiat
984 1199 1165 1244 praesentia
1185 1200 1332 1235 Parochi
1355 1227 1365 1241 ,
1385 1201 1419 1234 in
1445 1201 1540 1244 cujus
1562 1200 1766 1237 Parochia...

346 1240 586 1275 contrahentes
612 1241 769 1280 habitant
790 1253 939 1292 tempore
965 1250 1154 1282 contractus
1167 1275 1178 1288 ‚
1204 1258 1242 1283 ut
1262 1248 1345 1283 reete
1365 1259 1502 1283 monent
1520 1249 1671 1284 sanchez
1693 1250 1764 1284 des

346 1291 501 1323 matrim.
523 1287 586 1322 lib.
614 1299 645 1329 3.
665 1291 789 1339 disput.
814 1305 868 1342 24.
896 1307 984 1332 num.
1000 1304 1030 1332 2.
1056 1301 1099 1333 Θ
1114 1296 1187 1343 seq.
1215 1301 1318 1332 Pont.
1336 1297 1448 1332 eodem
1482 1298 1633 1331 Traflat.
1654 1294 1715 1330 lib.
1731 1302 1766 1339 5.

354 1343 426 1382 cap.
446 1345 495 1379 13·
508 1347 599 1370 num-
612 1346 643 1372 2.
671 1340 796 1381 diserte
811 1349 884 1388 Rot.
903 1346 973 1380 dec.
987 1347 1069 1389 ¹629.
1091 1354 1181 1379 num.
1201 1354 1251 1377 Η.
1265 1352 1347 1391 par.
1360 1354 1395 1389 4.
1419 1353 1502 1379 tom.
1517 1353 1548 1384 3.
1562 1356 1670 1379 recen.
1686 1366 1698 1380 ‚
1730 1343 1767 1378 &

346 1380 560 1427 amplissimus
582 1382 636 1418 hic
654 1385 750 1420 Ordo
774 1390 949 1426 consultus
970 1390 1201 1436 generaliter.
1226 1396 1285 1425 An
1299 1393 1465 1437 proprius
1482 1391 1660 1426 ‘Parochus
1684 1392 1766 1436 quis

346 1431 480 1464 dicatur
495 1454 505 1468 ‚
530 1432 563 1464 in
583 1431 678 1478 cujus
698 1438 871 1474 Parachia
888 1437 1129 1475 contrahentes
1152 1437 1314 1472 habitant
1336 1446 1486 1484 tempore
1503 1462 1515 1476 ,
1539 1449 1604 1483 quo
1633 1440 1763 1472 Matri-

348 1478 493 1511 monium
510 1479 752 1517 conti-ahimam
778 1487 957 1533 Respondit
979 1488 1031 1521 ita
1046 1487 1136 1525 dici,
1158 1492 1197 1518 ut
1215 1481 1321 1520 refert
1336 1489 1485 1529 fagnan.
1510 1487 1544 1519 in
1570 1486 1604 1518 d.
1625 1491 1698 1530 cap.
1718 1482 1764 1525 fi-

340 1522 525 1573 gnific-avit
548 1529 704 1571 num.36.
730 1531 787 1565 ubi
814 1532 927 1569 subdit
951 1533 1197 1579 interrogatam
1222 1531 1355 1565 Sacram
1381 1530 1692 1578 Congregationem
1718 1528 1763 1564 de

346 1568 523 1604 validitate
550 1572 687 1608 alterius
705 1578 913 1616 matrimonii
939 1582 1100 1618 contraffi
1116 1589 1226 1614 coram
1239 1577 1388 1613 Parocho
1411 1578 1515 1617 Loci,
1541 1577 1598 1613 ubi
1624 1578 1764 1613 brevem

345 1627 475 1651 moram
491 1626 664 1655 traxerant
687 1628 946 1669 contrahentes,
967 1627 1165 1674 respondisse
1178 1651 1188 1665 ,
1211 1636 1250 1663 ut
1280 1625 1394 1662 brevis
1413 1636 1509 1661 mora
1521 1624 1737 1671 exprimatur
1752 1651 1763 1665 ,

347 1665 436 1710 quod
447 1664 477 1706 si
489 1667 603 1708 fiterit
620 1669 748 1710 saltem
779 1677 881 1710 nnius
903 1675 1019 1718 menfis
1045 1701 1055 1714 ,
1082 1676 1222 1710 dandam
1246 1675 1306 1720 effi>
1330 1672 1521 1716 dectfionem
1541 1680 1609 1720 pro
1629 1673 1765 1708 validi-

346 1719 419 1745 tate
432 1734 443 1747 ‚
457 1712 559 1762 'alias
579 1716 618 1749 de
639 1728 727 1753 novo
749 1722 958 1763 referendam
974 1726 1009 1758 in
1026 1723 1288 1767 Congrqgatione
1301 1744 1311 1753 .

299 1756 548 1801 DisposfflOfleS
570 1772 650 1794 vero
667 1763 845 1803 Sacrorum
857 1769 1039 1805 Canonum
1067 1759 1106 1803 de
1124 1768 1231 1815 Vagis
1251 1767 1365 1802 iocum
1384 1767 1505 1802 habere
1525 1776 1701 1815 nequeunt
1724 1767 1761 1802 iri

347 1803 519 1849 proposito
539 1807 677 1848 Dubio,
703 1812 820 1860 Vagus
834 1817 924 1852 enim
940 1818 1067 1853 dieitur
1083 1815 1144 1850 ille
1159 1840 1169 1854 ,
1194 1818 1255 1862 qui
1267 1816 1440 1851 domicilio
1462 1817 1581 1852 relicto
1604 1818 1760 1860 naviget,

344 1852 404 1886 ‘vel
425 1853 493 1887 iter
514 1854 627 1895 faciat
650 1869 824 1903 quaerens‚
850 1876 914 1909 quo
930 1865 969 1906 se
991 1867 1144 1908 conferat
1171 1888 1181 1901 ,
1205 1871 1308 1909 atque
1331 1861 1390 1897 nbi
1413 1863 1561 1905 consistat
1586 1861 1635 1896 ait
1660 1860 1760 1901 Jure-

345 1897 1760 1957 cmfflhmmqu5.Qffiffffffdestspd„vdssk‚wimfflffiioeh

345 1953 416 1979 tam
430 1971 439 1983 ‚
463 1957 506 1982 Ε]
525 1948 724 1988 constantem
739 1954 852 1995 fidem
866 1987 875 1999 ‚
902 1959 1178 2003 domiciliumque
1200 1955 1325 1994 habet,
1351 1965 1387 1990 ut
1413 1956 1555 1990 totidem
1571 1955 1687 1990 verbis
1709 1955 1760 1990 ait
1802 1995 1804 2001 y

346 1993 498 2041 ngsfffll·
517 2000 629 2029 'Pr-'12‘-
645 2002 721 2034 For.
736 2004 902 2047 Lcclefias
916 2003 980 2040 lib.
998 2016 1024 2038 1.
1050 2005 1204 2050 num.64.
1226 2002 1382 2048 idemque
1408 2003 1547 2038 tradunt
1572 2002 1693 2047 Leffi'us
1720 2005 1759 2040 de

339 2041 450 2083 justit.
481 2044 523 2075 &
542 2042 616 2086 jur.
649 2045 714 2082 lib.
733 2058 765 2081 2.
792 2059 866 2097 cap.
886 2064 943 2097 40.
971 2052 1010 2087 de
1035 2061 1109 2087 vot.
1142 2054 1225 2096 disp.
1253 2049 1299 2085 18.
1337 2063 1427 2086 num.
1451 2059 1528 2086 121.
1565 2050 1759 2095 Piguatell.

344 2085 468 2134 [071fi5l5
482 2096 538 2130 79.
556 2102 643 2124 num.
663 2103 714 2137 34.
739 2104 821 2131 tom.
837 2107 871 2142 ς.
884 2125 892 2138 ,
920 2099 952 2133 δι
976 2096 1132 2135 latiffime
1145 2123 1156 2137 ‚
1183 2099 1373 2143 summaque
1387 2124 1397 2137 ‚
1423 2110 1490 2144 qua
1509 2096 1594 2132 solet
1609 2096 1733 2141 semper
1748 2120 1760 2135 ,

344 2131 530 2183 eruditione
553 2134 669 2172 dehac
683 2140 863 2187 Vagorum
890 2145 998 2191 specie
1022 2145 1174 2182 disseruit
1196 2143 1437 2179 Sacratifl'imus
1461 2144 1623 2189 Princeps
1648 2141 1760 2178 noster

346 2190 381 2212 in
399 2180 492 2213 Folio
506 2184 596 2215 edito
612 2186 646 2217 in
664 2191 756 2230 ssusii
774 2193 920 2233 &adrem
936 2203 992 2233 24.
1009 2194 1157 2241 „Augusti
1175 2202 1273 2239 1720.
1295 2192 1452 2236 Thefizur.
1469 2191 1575 2236 Refi’l·
1593 2196 1626 2225 S.
1644 2196 1761 2237 Congr.

344 2227 420 2275 volt
435 2236 463 2276 13
474 2234 555 2274 Pdg—
566 2235 649 2278 364·
673 2232 779 2278 Vagis
801 2237 906 2282 igitur
923 2240 1012 2274 hisce
1037 2239 1221 2285 comparari
1246 2237 1392 2282 profecto
1419 2246 1594 2284 nequeunt
1611 2236 1758 2283 Magna—

343 2281 394 2307 tes
413 2271 489 2310 illi,
514 2286 571 2319 qui
594 2287 654 2310 nec
678 2289 856 2323 quaerunt,
881 2299 950 2331 quo
968 2287 1167 2326 consistant,
1192 2296 1300 2330 neque
1328 2285 1472 2320 incertas
1494 2284 1621 2318 habent
1645 2283 1732 2319 sedes
1747 2313 1758 2326 ,

342 2319 397 2353 sed
420 2326 550 2355 tantum
565 2347 575 2360 2
600 2334 665 2359 Una
689 2325 804 2361 relicta
828 2356 838 2368 ‚
863 2332 964 2367 aliam
984 2342 1130 2378 petunt,
1155 2341 1193 2368 ut
1214 2331 1377 2378 plurimas
1403 2359 1414 2372 ,
1436 2343 1505 2366 non
1527 2331 1675 2367 incertas
1698 2344 1758 2368 eos

346 2365 471 2399 habere
498 2366 586 2404 sedes
609 2370 790 2409 dicendum
813 2376 874 2410 fit.

301 2413 385 2448 Haec
404 2412 496 2448 brevi
521 2441 531 2455 ,
555 2427 716 2463 quantum
743 2419 842 2458 licuit
870 2451 880 2464 ,
905 2425 1058 2462 oratione
1081 2436 1141 2461 nos
1165 2426 1395 2473 proposuimus
1412 2453 1422 2466 ,
1445 2425 1500 2461 sed
1519 2426 1560 2462 ad
1579 2426 1757 2473 Amplifli-

345 2468 416 2492 mos
431 2458 544 2496 Patres
562 2465 731 2519 pertinere
753 2469 855 2506 debet
876 2473 1036 2510 omnibus
1051 2473 1219 2521 perpensis
1241 2473 1444 2520 cognoscere
1459 2502 1468 2512 .

300 2510 382 2544 *Ᾰην
406 2508 449 2541 &
471 2514 628 2552 q'wmodo
651 2517 695 2555 Jlt
721 2518 963 2558 rescribendum
987 2525 1022 2559 in
1050 2522 1123 2567 casu
1146 2526 1222 2560 &c-

1607 2713 1753 2750 COLO—
