1874 2961
71 128 105 165 {a
123 128 235 175 potius
255 128 366 164 filium
393 140 435 164 ex
455 140 493 165 ea
523 129 686 178 suscepit,
711 132 769 179 qui
796 131 890 167 sacro
908 132 1017 168 Fonte
1031 140 1168 169 renatus
1190 135 1356 182 legiturin
1375 135 1461 171 libro
1475 99 1544 171 Pi?

67 177 165 213 rochi
191 175 240 212 uti
265 174 354 212 filius
376 176 484 212 Marci
505 204 515 217 ,
540 180 631 226 quod
656 190 773 214 tamen
794 180 834 212 ad
849 178 1055 215 honestatem
1075 179 1165 216 suain
1183 184 1215 218 in
1241 184 1403 230 opinione
1427 185 1542 220 homi-

69 235 150 258 num
173 225 364 259 servandam
394 223 514 260 iactum
537 225 631 261 suiss'e
658 228 706 261 ait
734 226 848 262 Rosa.
873 227 973 264 Obiit
996 227 1109 262 lnsans
1130 231 1264 266 absente
1286 232 1393 268 adhuc
1420 232 1505 267 Viro
1531 247 1539 267 :

67 281 145 305 cum
159 271 275 316 joseph
291 270 416 306 Rosam
442 273 606 320 deperiret
622 300 630 314 ‚
657 274 726 310 haec
738 274 861 309 iterum
876 274 1062 319 concepit,
1088 274 1118 309 ὅ(
1135 278 1265 313 certior
1279 279 1359 314 fana
1375 279 1539 315 advenis-

70 315 104 351 se
123 318 246 354 Virum
262 318 451 369 Neapolim
477 331 554 355 eum
569 321 754 357 advocavit
769 348 779 362 ‚
803 321 834 355 &
850 321 882 356 in
904 322 1089 356 thalamum
1103 325 1234 371 recepit
1248 328 1342 361 nocie
1356 338 1421 361 una
1438 352 1448 365 ‚
1471 340 1540 372 qua

69 362 135 401 Vir
149 366 298 413 Neapoli
313 377 438 400 moram
453 367 584 407 traxit,
606 380 788 415 numquam
805 368 913 413 postea
929 367 971 403 ad
986 379 1059 404 eam
1086 372 1237 406 rediens.
1266 374 1389 407 Filiam
1418 375 1541 411 Rosa..

73 413 175 450 enixa
189 413 235 448 est
250 439 259 453 ‚
284 425 355 458 quse
371 411 586 458 Baptismatis
601 415 691 451 libro
716 416 839 462 scripta
854 415 919 451 suit
933 416 983 452 uti
997 430 1015 451 a
1034 415 1124 461 Rosa
1138 444 1148 458 ,
1173 424 1216 456 (y
1240 427 1357 456 Marco
1385 421 1541 465 conjugi-

69 463 134 498 bus
148 470 224 496 orta
243 474 252 493 :
278 460 352 495 1²0st
374 461 444 495 haec
459 462 579 509 joseph
589 461 825 498 Tramontana
839 463 873 498 in
887 475 951 498 una
976 463 1042 498 sese
1055 463 1152 500 domo
1165 468 1289 513 recepit
1304 478 1380 502 cum
1392 468 1450 502 sua
1468 468 1543 503 Ro-

18 526 20 530 >
68 508 130 549 sa,
153 510 184 543 &
209 508 321 553 plures
346 519 390 545 ex
417 519 456 542 ca
480 509 607 546 liberos
633 509 785 551 sustulit,
810 510 868 557 qui
893 509 1056 558 baptizati
1083 509 1218 548 suerunt
1242 524 1279 549 ut
1302 513 1366 549 filii
1398 516 1542 562 ⁶Josepln'

76 560 305 591 Tramont.1nae
321 580 330 594 ‚
355 562 398 593 Θ
426 559 510 603 Rofie
535 564 679 594 Scarano
701 559 877 604 conjugum
892 584 902 597 ,
927 569 1014 593 neve
1036 557 1150 598 dolus,
1179 561 1209 595 δι
1231 560 1320 597 fraus
1344 559 1412 596 fissi
1439 563 1539 605 hujus

68 601 281 641 matrimonii
297 604 533 649 detegeretur,
559 603 680 652 saepius
691 603 870 640 Parochias
886 613 1083 640 mutarunt:
1112 605 1164 642 Re
1191 618 1300 644 tamen
1322 610 1450 644 detecta
1476 621 1543 644 ve-

68 652 132 687 tita
160 649 201 685 iis
213 649 279 685 suit
294 649 528 690 cohabitatio,
553 654 682 687 vetitus
698 650 866 693 acceffus,
891 651 947 687 sed
959 652 1076 698 loseph
1092 663 1208 690 amore
1221 656 1365 702 perditus
1378 655 1544 691 duosTe-

68 697 131 735 stes
146 695 319 744 supposuit
335 696 450 733 Curiae
464 698 785 746 Archiepiscopali,
810 699 870 746 qui
896 697 1165 736 testificationem
1191 702 1342 738 fecerunt
1366 705 1404 739 de
1433 714 1543 739 morte

68 745 181 782 Marci
196 772 204 780 .
220 744 367 778 ‘Horum
379 742 537 779 Testium
551 743 614 781 fide
640 746 894 781 matrimonium
906 745 1077 781 contraxit
1091 759 1168 784 cum
1189 749 1277 785 Rosa
1297 753 1399 786 Anno
1418 762 1514 799 1732.
1536 777 1547 790 ,

70 806 143 841 quae
158 801 271 827 tamen
299 799 402 836 negat
418 790 543 827 fraudis
570 793 667 836 hujus
688 804 706 827 a
722 792 864 839 josepho
886 792 1077 839 compositae
1099 798 1297 844 participem
1323 796 1416 835 fuisse
1434 828 1442 836 .
1468 800 1544 834 Diu

69 853 122 878 res
147 850 215 874 non
233 838 333 872 latuit
354 862 364 877 ‚
390 849 466 873 nam
480 841 588 875 Anno
606 851 702 887 ¹733·
717 839 876 875 Vicarius
886 838 1068 875 Generalis
1082 842 1260 888 epistolam
1274 845 1403 890 accepit
1417 849 1458 882 ab
1481 857 1546 881 eo-

67 888 146 924 dem
161 887 307 924 Marco,
332 885 391 932 qui
414 886 594 922 audiverat
619 887 766 923 Uxorem
790 885 882 922 suam
908 887 1010 923 alteri
1035 889 1198 935 nupsisse,
1224 894 1255 927 ἂ
1274 892 1446 930 Tribunal
1471 893 1544 927 Sae.

67 931 335 983 inquisitionis&
349 932 519 969 commisso
531 934 693 971 Civitatis
709 934 876 970 Niciensis
889 961 899 975 ,
924 936 980 970 ubi
994 935 1133 972 Marcus
1146 938 1292 985 degebat
1307 966 1316 979 ‚
1341 938 1546 977 Provicario

65 981 211 1025 ejusdem
225 980 337 1016 Marci
358 981 513 1016 examine
528 1008 538 1022 ,
565 981 768 1018 sementiam
790 983 893 1023 tulit,
913 994 977 1029 qua
993 983 1136 1020 nullitas
1164 986 1301 1022 secundi
1329 986 1545 1024 matrimonii

71 1029 237 1064 declarata
252 1026 317 1063 suit
334 1051 345 1061 .

19 1078 178 1115 Tandem
202 1077 308 1111 Anno
336 1084 428 1119 1741.
442 1075 535 1111 Rosa
557 1088 669 1124 preces
684 1077 812 1113 obtulit
825 1078 929 1113 Sacro
946 1077 1027 1112 huic
1043 1078 1246 1123 Tribunali‚
1271 1083 1440 1129 petiitque
1471 1081 1548 1117 nul-

69 1128 141 1162 lum
157 1149 167 1163 ,
193 1125 224 1158 &
254 1123 388 1159 irritum
413 1122 588 1160 declarari
619 1125 765 1172 primum
793 1125 1044 1160 matrimonium
1069 1128 1275 1163 contrassum
1298 1141 1375 1165 cum
1391 1131 1507 1166 Marco
1535 1154 1546 1167 ‚

70 1172 229 1216 idemque
243 1170 345 1216 petiit
370 1169 515 1212 ejusdem
539 1172 650 1207 Marci
670 1173 873 1209 Procurator
895 1171 938 1206 ab
960 1182 1002 1207 eo
1027 1174 1246 1211 constitutus.
1278 1177 1432 1212 Auditus
1458 1176 1545 1214 suit,

65 1228 106 1256 ut
119 1216 194 1254 fieri
208 1217 316 1257 solet,
343 1216 520 1263 Episcopus
538 1244 548 1258 ,
568 1221 627 1265 qui
651 1218 804 1265 Epistola:
826 1219 889 1254 suae
915 1219 1066 1254 adiunxit
1091 1222 1241 1267 plurium
1264 1223 1419 1261 Testium
1450 1235 1536 1259 exa—

68 1277 146 1302 men
171 1290 182 1303 ,
215 1277 285 1312 quo
318 1267 477 1310 probatur
518 1266 775 1303 matrimonium
815 1267 901 1302 illud
928 1267 968 1300 ab
1003 1268 1112 1302 invita
1152 1268 1245 1304 Rosa
1283 1271 1320 1306 vi
1357 1281 1550 1317 metuque.)

66 1312 277 1350 contractum
316 1310 411 1346 fuiffe
450 1326 458 1345 :
501 1314 616 1358 Data„
632 1315 732 1349 etiam
769 1314 836 1350 fuit
871 1316 913 1348 ab
953 1315 1014 1348 hoc
1046 1316 1148 1350 Sacro
1185 1316 1370 1353 Tribunali
1407 1317 1549 1353 facultas

68 1359 236 1408 Episcopo
275 1357 427 1394 Nicienfi
464 1361 621 1396 Marcum
656 1361 813 1397 formiter
848 1361 1066 1396 examinandi
1097 1387 1107 1400 ,
1144 1374 1243 1408 prout
1279 1365 1402 1401 fastum
1441 1364 1503 1400 fuit
1539 1388 1549 1399 .

64 1408 178 1450 Hujus
214 1406 299 1441 diCta
334 1405 421 1440 male
464 1409 678 1444 cohaerentiis
706 1437 715 1450 ,
749 1422 822 1455 quae
867 1409 884 1443 ὲ
914 1407 1003 1443 Rosa
1029 1420 1267 1454 propununtur
1293 1414 1385 1448 :Ait
1425 1412 1551 1448 enim-2

62 1466 142 1494 ante
170 1453 358 1490 contrad'tas
389 1454 523 1500 nuptias
553 1455 645 1491 fuisse
667 1457 797 1502 pluries
824 1456 856 1491 in
882 1457 998 1491 Domo
1028 1455 1125 1492 Rosae
1154 1484 1165 1498 ,
1207 1471 1282 1494 eam
1310 1463 1344 1494 in
1371 1461 1445 1495 astu
1467 1470 1553 1494 con-

64 1501 224 1541 trahendi
250 1500 506 1537 matrimonium
530 1503 663 1539 nullum
699 1502 889 1539 monstrasse
925 1502 1100 1539 dissensum
1135 1531 1145 1544 ,
1188 1504 1282 1542 fuiffe
1311 1519 1385 1542 earn
1418 1507 1466 1541 sui
1493 1507 1556 1546 Ju-

66 1555 136 1591 ris,
162 1549 354 1596 &potuilse
382 1548 487 1584 libere
499 1553 713 1587 voluntatem
736 1552 826 1587 suam
844 1551 975 1596 aperire
1001 1564 1007 1584 :
1029 1552 1145 1595 epulas
1171 1551 1270 1588 fimul
1296 1552 1456 1600 sumpsisse
1479 1551 1553 1600 post

65 1598 254 1635 contractas
280 1595 415 1647 nuptias
429 1622 441 1647 ,η
466 1597 535 1643 post
549 1600 665 1646 epulas
680 1598 895 1635 concubuiffe
910 1597 1005 1632 nullo
1015 1597 1159 1642 dissensu
1172 1625 1181 1638 ‚
1207 1602 1347 1637 nullave
1360 1612 1551 1648 repugnan-

64 1646 117 1682 tia
139 1659 145 1679 :
171 1647 252 1680 duos
278 1643 367 1678 hlios
391 1654 516 1688 primos
540 1646 726 1682 masculum
743 1674 752 1687 ‚
777 1647 811 1681 &
827 1645 977 1681 faeminas
992 1645 1067 1680 suos
1091 1645 1220 1683 fuissea
1245 1649 1334 1684 Rosa
1353 1649 1546 1694 susceptos:

65 1694 263 1729 mandatum
288 1688 408 1724 dedisse
427 1692 612 1729 obtinendi
636 1695 832 1729 nullitatem
855 1693 1092 1731 matrimonii,
1117 1705 1182 1728 non
1206 1699 1284 1741 quia
1308 1704 1441 1742 putaret
1471 1695 1551 1730 nul-

66 1741 138 1776 lum
163 1737 228 1774 ess'e
243 1737 376 1773 defeetu
391 1739 572 1775 consensus
584 1768 594 1781 ,
619 1740 672 1776 sed
685 1741 762 1787 quia
776 1753 817 1776 ex
831 1739 974 1776 crimine
986 1766 996 1779 ‚
1021 1743 1053 1775 &
1066 1739 1165 1786 culpa
1181 1741 1307 1778 Uxoris
1339 1743 1547 1789 integrunt-⁹

62 1787 124 1823 fibi
149 1785 213 1822 effe
237 1785 423 1825 censebat,
451 1797 488 1822 ut
516 1799 624 1824 novas
645 1789 782 1836 nuptias
808 1787 1009 1823 contrahere
1034 1786 1164 1833 possent
1192 1803 1198 1822 :
1226 1800 1331 1837 negat
1353 1799 1474 1824 contra
1500 1789 1550 1824 li-

68 1837 235 1871 bertatem
251 1833 442 1869 voluntatis
452 1834 513 1871 suae
527 1836 643 1876 Rosa,
667 1838 700 1872 vi
719 1836 818 1872 illata
831 1836 874 1870 ab
893 1835 1078 1871 Avunculo
1093 1861 1103 1874 ‚
1129 1834 1190 1882 qui
1213 1838 1262 1872 rei
1286 1837 1466 1873 familiaris
1496 1848 1554 1871 ra-

62 1894 177 1919 tiones
199 1882 333 1916 reddere
366 1881 489 1917 nolens
514 1884 636 1919 maluit
662 1895 736 1919 eam
758 1883 980 1928 alienigenae,
1005 1891 1188 1930 exteraque
1206 1885 1337 1920 homini
1352 1885 1446 1930 iungi
1466 1897 1475 1917 ε
1495 1883 1553 1918 ln·-

61 1931 174 1966 visum
192 1928 250 1964 fibi
277 1929 408 1976 semper
428 1927 521 1966 fuisse
545 1931 766 1967 aitMarcum
781 1958 791 1972 ,
816 1942 879 1966 nec
905 1929 1042 1964 domurn
1066 1941 1141 1966 cum
1157 1942 1196 1964 eo
1217 1931 1355 1967 rediisse
1383 1930 1456 1978 post
1468 1942 1554 1965 con-

63 1980 190 2014 tractus
213 1975 368 2023 nuptias,
393 1987 455 2011 nec
476 1980 593 2025 epulas
618 1978 807 2023 sumpsisse,
831 1988 894 2012 nec
918 1978 1070 2012 cubitum
1096 1976 1192 2015 iviss'e
1216 2006 1226 2019 ‚
1251 1979 1305 2014 sed
1327 1976 1554 2023 compressam

66 2024 163 2060 fuisse
192 2026 233 2058 ab
254 2036 294 2059 eo
308 2050 318 2064 ,
340 2034 416 2059 cum
440 2023 612 2062 dormiree
631 2051 641 2065 ‚
666 2026 734 2063 astu
748 2052 758 2065 ,
783 2027 815 2062 &
832 2024 951 2061 fraude
972 2033 1162 2060 materterae
1179 2053 1189 2065 ,
1213 2038 1286 2072 qux
1303 2027 1461 2061 Marcum
1477 2025 1555 2071 sup-

63 2072 198 2118 posuit;
225 2071 393 2118 negatque
413 2071 547 2108 demum
568 2074 651 2109 duos
671 2074 795 2121 primos
816 2100 826 2114 ,
852 2082 934 2120 quos
958 2074 1101 2118 genuit,
1127 2073 1253 2108 liberos
1279 2074 1324 2108 ab
1347 2085 1388 2109 eo
1413 2073 1548 2118 genitos

66 2119 162 2155 fuisse
179 2146 190 2159 ,
216 2120 336 2166 suaque
359 2120 445 2153 diCta
468 2120 626 2156 Testibus
650 2122 866 2167 comprobat:
895 2120 927 2153 A
939 2120 1084 2170 Marco,
1109 2122 1140 2157 &
1156 2119 1346 2157 Defensore
1369 2117 1554 2155 matrimo-

65 2167 115 2202 nii
139 2167 289 2202 nondum
303 2167 456 2202 libellum
471 2169 599 2210 Jurium
619 2169 820 2204 habuimus:
850 2167 1005 2204 Dubium
1017 2167 1085 2204 est.

31 2222 92 2250 ,Λη
108 2215 233 2257 Constet
245 2217 284 2251 de
299 2217 463 2252 nullitate
477 2217 694 2263 Matrimonij
705 2220 740 2252 in
752 2217 828 2261 cafit
845 2222 921 2254 &c-

205 2324 445 2393 Reliqu‘ae
461 2343 571 2378 non
591 2297 878 2396 propositae
898 2366 912 2380 .

138 2454 266 2491 ICEN.
292 2455 446 2491 MISSAE
469 2456 866 2493 CONVENTUALIs
889 2481 900 2492 .
926 2457 1043 2493 Erecta
1067 2459 1109 2493 ab
1143 2457 1277 2502 optimo
1294 2458 1558 2505 Maximoquea
1599 2459 1742 2503 Sestum.
1762 2468 1824 2493 c.t.

148 2501 316 2539 Pontifice
329 2504 512 2539 Clemente
527 2504 676 2540 V111.in
703 2506 864 2550 insignem
886 2504 1124 2552 Collegiatam
1151 2506 1345 2541 secularem
1381 2505 1560 2542 Ecclesia-³
1598 2509 1636 2542 de
1654 2505 1824 2551 Reformul

69 2548 103 2583 S.
122 2549 232 2586 Mariae
245 2551 408 2587 Civitatis
424 2552 635 2595 Minorissae,
658 2552 717 2588 seu
737 2551 913 2587 Manrefiae
928 2551 1095 2589 Dioecefis
1119 2552 1272 2588 Vicenfis
1300 2579 1310 2593 ‚
1336 2553 1370 2588 in
1395 2565 1461 2598 qua
1487 2555 1559 2598 pri·
1599 2559 1709 2588 Matr.

67 2600 149 2631 dem
164 2606 260 2632 erant
274 2597 441 2634 Canonici
464 2599 652 2645 Regulares
669 2599 810 2635 Ordinis
825 2599 857 2633 S.
876 2600 1055 2646 Augustini
1072 2625 1081 2639 ‚
1109 2600 1191 2635 novi
1204 2600 1388 2635 Steculares
1402 2600 1561 2635 Canoni-

73 2645 106 2680 ci
118 2642 361 2682 Conventuale
386 2646 527 2682 Sacrum
540 2658 724 2694 numquam
738 2656 883 2692 egerunt
897 2672 906 2685 ,
932 2649 1002 2682 imo
1016 2660 1058 2681 ne
1075 2649 1274 2693 cogitarunt
1288 2648 1422 2694 quidem
1451 2647 1562 2682 teneri

67 2695 108 2727 ad
122 2690 208 2727 illud
221 2695 477 2738 agendum2cum
489 2694 636 2730 redditus
656 2696 715 2730 vix
729 2705 825 2739 pares
839 2693 941 2728 essent
960 2695 1115 2742 congruis
1132 2695 1438 2740 alimentis,totque
1452 2694 1513 2728 sint
1529 2695 1564 2728 in

66 2740 281 2777 illaEcclefia
295 2741 485 2779 sanniones
497 2750 533 2778 ut
552 2743 681 2789 pluries
692 2742 918 2789 quinque,aut
935 2741 993 2778 sex
1009 2742 1240 2780 anniversaria
1254 2755 1320 2779 una
1333 2744 1386 2778 die
1405 2742 1459 2786 agi
1470 2753 1565 2786 opor-

1437 2798 1508 2824 teat
1525 2814 1536 2828 ‚
