1874 2961
1433 67 1470 91 ἰ

54 103 185 141 aelecti
200 103 346 140 societas
362 127 372 143 ,
396 100 488 138 cavit
502 127 512 141 ,
537 110 580 138 ne
590 111 667 138 cum
678 98 797 138 Uxore
814 100 895 137 ess'et
911 127 921 141 ‚
947 110 1087 147 eamque
1103 102 1189 139 alibi
1213 102 1396 147 depositam
1419 82 1477 139 rz-

57 152 181 187 risstme
196 153 308 187 adibat
322 177 333 190 .
358 162 420 185 nec
434 150 557 184 blande
574 162 651 186 cum
674 161 713 185 ea
743 152 885 196 agebat,
911 148 965 184 sed
986 149 1070 185 dure·
1090 162 1128 184 ac
1151 153 1260 197 rigide
1288 151 1479 198 percutiens

59 199 160 235 illam
172 225 182 239 ,
207 200 390 233 verberans
407 223 417 236 ‚
443 198 473 232 δι
489 198 577 233 male
590 198 739 236 habens3
766 197 897 232 invenit
914 197 1003 231 enim
1026 206 1100 231 eam
1117 200 1188 231 actu
1202 199 1353 244 conjugii
1377 198 1481 232 fadus

64 246 256 282 violantem
270 258 346 282 cum
361 243 492 280 Carolo
510 245 623 280 amico
636 247 696 280 suo
711 271 720 284 ,
745 245 804 291 qui
821 244 876 280 fibi
899 243 1079 289 plaudebat
1103 244 1222 291 absque
1247 245 1319 280 ullo
1334 248 1456 290 pudore
1473 271 1483 284 ‚

66 295 100 330 &
126 293 322 329 reverentia
342 292 468 328 violati
490 290 602 326 Thoti
619 321 626 328 .
654 293 741 328 Haec
761 293 930 338 patienter
950 291 1032 326 tulit
1053 292 1176 327 infelix
1202 292 1341 326 maritus
1366 318 1376 330 ,
1402 292 1484 326 dum

69 341 159 376 inter
173 353 274 376 vivos
290 340 424 375 fuerunt
437 338 596 373 authores
612 340 642 374 &
657 340 792 385 patroni
812 340 910 380 huius
922 339 1086 374 connubii
1105 338 1187 373 Baro
1209 339 1348 383 ejusque
1363 338 1461 373 Uxor
1474 364 1483 378 ,

71 390 195 436 quibus
219 386 380 422 defuntus
395 412 404 425 ,
430 388 460 420 &
475 383 595 420 cess'ato
608 396 699 422 metu
712 413 722 426 ,
748 388 838 421 recta
854 389 1006 432 perrexit
1025 389 1063 422 ad
1077 386 1218 422 Curiam
1232 385 1460 432 Epii'copalem
1475 410 1486 424 ,

72 436 241 483 petiitque
269 435 403 469 nullum
419 432 582 467 declarari
605 434 857 469 matrimonium
877 435 911 469 vi
938 444 1100 481 metuque
1123 433 1248 468 initum
1266 460 1277 473 ‚
1302 431 1488 477 Testesque

73 484 189 531 plures
204 493 346 517 numero
359 507 369 520 ‚
392 481 425 515 ἃ
444 480 614 525 dignitate
629 481 821 527 spectandos
844 481 970 520 edidit,
994 483 1114 526 quibus
1128 492 1167 515 ea
1180 482 1296 515 omnia
1313 506 1322 520 ‚
1349 491 1422 524 qua:
1436 479 1490 514 su—

98 542 135 566 ra
162 530 394 567 narravimus,
419 527 587 573 probabat
613 541 623 566 ;
648 537 683 563 at
703 539 781 563 cum
806 531 841 563 in
865 528 938 563 dies
959 528 1112 564 differret
1134 528 1297 570 iudicium
1330 527 1491 562 Vicarius

73 541 312 614 frriveminus
329 604 338 617 ,
365 587 428 611 nec
455 573 557 609 finem
583 574 711 611 faceret
736 576 866 614 ullum,
891 576 1079 622 appellavit
1094 576 1239 611 leerus
1256 576 1293 609 ad
1316 573 1490 620 Amplissi—

78 637 157 662 mos
171 626 308 663 Patres,
333 637 352 659 a
375 623 494 669 quibus
514 633 603 656 nunc
619 648 629 660 ,
652 624 738 668 quod
766 623 939 670 sequitur,
967 624 1124 659 Dubium
1147 621 1396 668 expediendum
1420 623 1490 658 est.

32 676 92 710 ’.Ᾰιι
113 672 236 714 conflet
259 674 297 708 de
322 672 484 708 nullitate
513 673 726 706 matrimonii
750 673 784 706 in
810 672 885 715 casii
902 675 976 709 &a

283 865 401 931 Die
435 860 714 930 Sabbathi
764 881 856 942 14.
873 859 1021 930 Maii
1051 885 1071 926 1
1086 864 1228 944 746.

184 1273 195 1284 N
209 1244 260 1276 5³⁷
284 1230 334 1284 J-
364 1237 399 1272 X
417 1241 509 1274 Folio
530 1241 658 1275 ultimae
675 1243 949 1286 congregationis
964 1239 1088 1275 habitae
1102 1243 1155 1277 die
1171 1251 1221 1282 30.
1237 1239 1393 1276 transacti
1410 1245 1507 1276 Men-

370 1285 417 1327 fis
435 1289 577 1334 Aprilis
593 1296 737 1333 quatuor
752 1314 761 1326 ,
786 1298 867 1332 quas
883 1287 938 1323 hic
953 1287 1147 1330 subjicimus
1158 1315 1168 1328 ,
1193 1287 1363 1333 supersunt
1377 1284 1508 1326 Causae,

92 1343 167 1382 quae
193 1332 336 1382 proponi
357 1344 426 1368 non
450 1342 661 1379 potuerunt:
688 1334 854 1369 Poterunt
880 1335 996 1382 itaque
1013 1334 1219 1380 Ampliffimi
1248 1334 1362 1370 Patres
1378 1335 1507 1369 Folium

93 1378 181 1413 tllud
197 1387 322 1414 lterum
337 1379 511 1415 consulere
524 1408 535 1421 ‚
559 1391 598 1416 ut
617 1393 672 1417 eas
687 1408 697 1421 ,
719 1392 790 1426 quae
813 1393 902 1417 nunc
926 1391 1157 1428 proponuntur
1170 1407 1181 1421 ‚
1200 1382 1365 1418 definiant
1380 1403 1389 1412 -

130 1519 399 1603 ἰὲῖῧῐέἶιῐῧῇ
440 1521 950 1577 ΡΙζΙΕΕΜΙΝΕΝΤΙΑΒΠΜ
974 1550 983 1563 ,
1028 1522 1091 1557 ΕΤ
1133 1523 1319 1566 JURIUM
1356 1521 1510 1558 PARO-
1538 1549 1659 1589 sep-²4·
1669 1556 1747 1586 ως.

314 1615 319 1619 ι
362 1615 368 1619 ι
409 1595 419 1608 ,
443 1580 539 1612 cujus
555 1569 655 1605 Xlll.
672 1570 746 1621 sunt
759 1569 884 1620 Capita
898 1599 922 1622 .-
1298 1606 1300 1608 ,
1540 1590 1575 1619 de
1584 1588 1649 1629 R‘fi

52 1615 79 1650 l.
112 1617 166 1650 An
177 1614 387 1650 Parochialis
401 1617 545 1652 Ecclefia
554 1619 586 1651 S.
599 1619 734 1659 Joanms
747 1615 900 1663 Bapustae
914 1629 948 1652 in
961 1618 1082 1655 061an
1096 1617 1135 1654 fit
1153 1619 1295 1654 Ecclesia
1309 1617 1512 1656 Plebana,&

194 1671 296 1713 caput
315 1662 624 1715 Congregationis,
646 1676 746 1711 quam
771 1665 942 1700 nonnullae
962 1662 1177 1702 parochiales
1200 1667 1351 1702 Ecclefia:
1372 1667 1406 1700 ei
1431 1675 1514 1710 pro-

196 1719 330 1755 pinquae
342 1711 551 1746 constltuunt
561 1741 568 1748 .

53 1756 99 1793 ΙΙ.
129 1757 185 1790 An
201 1755 556 1807 BarochialisEcclefia
567 1760 598 1795 S.
612 1759 704 1795 Petri
721 1759 875 1807 Fugnani
892 1759 929 1793 fit
944 1772 1010 1795 una
1022 1772 1064 1796 ex
1075 1760 1249 1796 Parochiis
1263 1761 1296 1796 d.
1312 1760 1514 1805 Congrega-

198 1812 329 1838 tionem
347 1804 622 1842 constituentibus
635 1806 650 1841 ,²

56 1849 114 1886 ΙΙΙ.
142 1850 201 1885 An
215 1849 384 1885 Parochus
403 1853 614 1889 d.Parochiae
630 1855 785 1900 Fugnani
800 1855 898 1900 possit
928 1853 961 1888 se
977 1856 1075 1889 alteri
1101 1853 1373 1900 Congregationi
1397 1851 1517 1887 adscri-
1589 1873 1592 1876 ⁴

197 1898 273 1932 bere
288 1923 297 1936 ,
323 1898 390 1950 *vel*
404 1897 471 1934 sese
481 1912 541 1951 pro
553 1901 656 1936 libito
669 1901 810 1937 statuere
823 1901 1103 1946 independentem
1124 1912 1142 1934 a
1156 1901 1393 1948 cujuscumque
1417 1899 1518 1934 Con-

198 1953 408 1990 gregatioms
418 1956 532 1992 capite
545 1948 560 1983 ἑ

56 1990 123 2027 IV.
154 1990 215 2025 An
227 1992 341 2041 eadem
355 1991 562 2029 parochialis
574 1995 717 2031 Ecclefia
731 1995 887 2044 Fugnani
902 2008 943 2033 ex
957 1994 1076 2032 asserto
1100 1996 1203 2040 titulo
1226 1994 1518 2043 Archipresbyte-

198 2038 281 2072 ralis
293 2049 375 2073 vere
394 2038 433 2073 fit
445 2041 621 2076 Plebana3
1148 2044 1152 2049 ⁴

57 2083 104 2120 V.
130 2084 190 2119 An
204 2095 247 2119 ex
259 2087 377 2135 eodem
390 2084 510 2122 afferto
534 2089 637 2124 titulo
650 2090 1003 2138 Archipresbyteralis
1025 2101 1181 2136 exempta
1205 2090 1361 2126 manserit
1381 2090 1423 2124 ab
1448 2087 1521 2124 illis

202 2131 385 2171 onenbus,
409 2133 616 2180 &obsequiis
629 2162 638 2174 ,
656 2147 729 2181 quae
743 2147 822 2172 ante
831 2137 1073 2173 concessionem
1093 2138 1201 2173 afferri
1222 2137 1318 2173 tituli
1335 2136 1522 2185 praestare.»

202 2179 378 2231 tenebatur¹
390 2191 467 2227 erga
481 2181 599 2216 dictam
611 2182 796 2218 Plebanam
815 2183 992 2220 Ecclesiam
1016 2186 1125 2220 Sancti
1138 2185 1275 2226 joannis
1291 2211 1301 2224 ,
1327 2186 1385 2221 vel
1410 2184 1522 2229 potius

203 2224 307 2308 ffistgr
325 2227 463 2298 aliarum
479 2227 699 2265 Ecclefiarum
713 2229 751 2265 fit
766 2231 979 2267 subordinata
994 2258 1004 2272 ‚
1032 2234 1062 2268 ἃ
1078 2233 1220 2275 subjeeta
1240 2233 1347 2267 eidem
1363 2229 1523 2268 Ecclefiae

245 2284 262 2306 e
289 2284 357 2308 anae
370 2300 379 2308 .

63 2318 129 2355 VI.
154 2319 632 2412 Ansscgttsiifitediellgeattatggitate
649 2323 766 2361 saltem
779 2326 964 2373 impropria
979 2328 1008 2361 d.
1021 2325 1229 2363 parochialis
1250 2325 1408 2362 Ecclefiae
1424 2325 1458 2359 S.
1471 2324 1523 2365 Jo.

26 2418 28 2423 '
68 2412 148 2448 VII.
168 2413 229 2448 An
259 2392 429 2450 Pal-ochus
460 2399 727 2455 dietae’Ecclesxae
762 2419 915 2466 Fugnani
943 2429 1102 2456 teneatur
1127 2420 1283 2456 interess'e
1306 2417 1528 2454 conferentiis

207 2459 341 2495 casuum
364 2462 596 2503 conscientiae‚
622 2477 694 2512 quae
716 2467 881 2503 habentur
897 2468 932 2503 in
946 2468 1091 2502 Plebana
1110 2468 1252 2503 Ecclesia
1267 2493 1276 2506 ‚
1303 2469 1334 2502 &
1359 2467 1394 2501 in
1409 2464 1526 2502 omni·

209 2507 266 2542 bus
280 2508 392 2543 haberi
406 2510 523 2546 debeat
537 2538 546 2551 ‚
559 2521 597 2547 ut
609 2524 695 2547 unus
709 2525 750 2548 ex
763 2514 923 2549 Parochis
936 2514 1223 2560 congregationis
1236 2513 1433 2556 antediaaess

73 2550 159 2587 VIII
163 2576 173 2586 .
193 2553 248 2603 An
261 2555 354 2607 poffit
368 2556 467 2592 Sacra
479 2557 569 2593 Olea
581 2571 598 2592 a
612 2558 809 2596 Cathedrali
822 2571 960 2608 accepta
974 2561 1080 2597 alicui
1096 2573 1139 2596 ex
1155 2561 1312 2598 parochis
1327 2562 1361 2597 d.
1375 2561 1528 2608 Congre-

166 2609 309 2644 gatioms
323 2603 541 2650 dispensare.²

74 2645 142 2682 IX·
165 2650 221 2682 An
236 2647 328 2692 poffit
351 2649 388 2684 in
401 2651 585 2689 Funaione
602 2651 845 2691 Benedictionis
875 2654 996 2706 Fontis
1017 2655 1254 2702 Baptismalis‚
1282 2669 1356 2704 quae
1378 2656 1417 2692 fit
1439 2654 1546 2699 ipsa--

396 2713 399 2717 ¹
1460 2715 1531 2742 met
