1883 2907
322 101 448 178 Mgiilis
466 137 649 175 terminum
671 130 910 171 constituturos
931 130 995 166 esse
1013 129 1296 166 Eminentiflimos
1308 130 1425 166 Patres
1449 132 1511 168 fibi
1525 134 1669 172 suadent
1684 135 1790 172 Acto-

364 197 415 224 rc,=
435 214 444 226 ,
468 186 558 232 quod
587 183 807 218 Benedictjno
832 181 965 214 indulto
985 206 994 220 ‚
1022 184 1052 213 ὁι
1080 179 1236 218 rationi,
1261 187 1362 224 atque
1389 183 1542 225 aequitati
1570 183 1647 219 satis
1665 197 1789 220 conve-

366 246 437 271 niat
452 259 462 272 ,
485 234 609 268 babent
634 232 724 266 enim
743 229 863 264 l'uellae
882 228 970 263 ultra
1000 226 1089 261 hunc
1111 226 1292 261 terminum
1317 225 1532 271 probationis
1555 242 1679 266 annum
1696 259 1705 272 ‚
1730 240 1788 266 at-

367 294 430 328 que
450 291 494 315 ita
521 279 712 314 l‘estatricis
725 274 898 322 dispositio
924 276 982 309 diu
1007 285 1072 308 non
1091 273 1324 319 suspenditur,
1353 274 1386 307 &
1411 275 1536 321 exequi
1552 281 1684 321 poterit
1698 279 1788 314 Chi-

367 330 568 375 rograpbum
588 325 837 360 Benedicunum
853 347 863 360 ‚
888 333 955 368 quo
970 330 1096 356 vocatas
1117 320 1314 359 censentur,
1335 322 1366 355 &
1394 321 1462 356 fere
1488 322 1669 361 substitutae
1687 337 1789 372 quat-

367 385 406 411 ω
423 380 498 410 loco
512 374 634 410 Puellx
653 397 662 410 ‚
691 383 764 418 quic
787 370 900 404 eidem
925 368 1104 401 testatrici
1128 368 1291 413 sauguine
1315 368 1498 410 conjunssae
1519 371 1617 413 sunt,
1647 385 1789 421 quaeque

368 425 497 458 nubere
511 422 674 468 cupiunt.
702 421 751 452 At
781 416 801 450 li
826 413 943 448 mensis
972 414 1073 447 unius
1107 412 1248 463 spatium
1273 415 1378 450 breve
1407 417 1591 460 videatur,
1623 420 1795 466 postulant

371 472 413 504 ab
433 467 778 504 Eininentillimorum
794 464 932 497 Parrum
951 460 1136 506 prudentia
1158 471 1284 506 tempus
1309 461 1448 508 aliquod
1472 465 1573 502 statui
1598 468 1791 506 nobilibus,

372 515 640 563 pauperibusque
665 510 868 560 Virginibus
894 535 904 548 ,
935 519 1005 559 *quo
1029 517 1179 552 ternpore
1211 507 1304 554 lapso
1327 512 1446 546 cadere
1475 514 1619 550 debeant
1640 528 1659 551 a
1688 515 1791 563 legati

372 564 579 609 compendio
594 588 603 602 ,
629 569 666 596 ut
694 560 742 594 ita
770 557 956 592 substitutis
978 554 1069 590 locus
1093 554 1155 591 esse
1178 556 1278 602 poflit
1301 583 1312 598 ,
1349 569 1422 605 quae
1452 570 1568 596 aureos
1592 564 1793 611 quingentos

374 612 508 656 capient
528 635 537 648 ‚
562 617 599 643 ut
625 608 775 642 nubant.
898 650 904 655 ·
999 650 1007 656 .

328 657 630 703 consignationem
645 662 778 699 quoque
797 650 921 701 dotallS
947 650 1047 691 huius
1069 649 1201 686 subfidii
1229 651 1342 688 altero
1362 653 1477 698 capite
1508 656 1614 701 poscit
1629 655 1795 693 Eleonora

372 705 557 740 Morronia
581 727 592 742 ,
615 713 687 747 qua:
716 697 1011 747 praedilectionem
1039 696 1241 734 Testatricis
1266 725 1277 738 ‚
1299 700 1333 734 8(
1357 701 1554 737 consensum
1579 704 1725 739 aliarum
1746 703 1795 738 fa-

373 753 548 787 miliarum
564 749 671 795 primo
687 756 882 783 vocatarum
908 745 1029 783 habet,
1054 756 1190 792 quasque
1216 746 1283 787 jam
1310 747 1447 791 nuptias
1464 751 1660 790 contraxit,
1694 759 1796 796 atque

374 802 460 836 hanc
478 799 590 833 dotem
605 793 777 841 promisit,
801 804 900 838 quarn
931 793 1008 834 Jure
1024 791 1181 839 consequi
1197 792 1298 827 debet
1314 820 1325 835 ,
1348 805 1493 841 namque
1514 799 1651 844 Angela
1663 797 1772 836 Ruffo
1786 825 1797 838 ,

375 850 406 882 ὅι
421 845 548 887 Justina
563 842 723 878 Oliveria
746 840 881 875 nobiles
905 849 1088 890 pauperes,
1113 852 1185 885 quae
1198 852 1315 877 earum
1328 841 1561 879 declaratione
1578 845 1798 893 ingrediendi

376 891 622 930 Monasterium
652 890 809 924 hactenus
835 888 1083 938 impedimento
1109 887 1247 923 fuerunt
1273 915 1283 931 ,
1321 888 1484 936 deinceps
1515 892 1580 928 hoc
1613 905 1713 939 agere
1733 905 1800 927 ne-

375 950 504 988 queunt
529 951 539 977 ;
564 937 687 979 lustina
713 935 878 982 siquidem
902 935 1013 984 nuptu
1030 958 1040 972 ‚
1065 935 1095 968 8<
1116 934 1279 981 Angeia,
1304 947 1377 982 quae
1393 936 1454 972 diu
1481 940 1588 975 vitam
1608 941 1707 976 duxit
1731 939 1798 976 in„

376 987 579 1024 Monasterio
594 985 623 1020 S.
639 984 774 1022 Clam,
802 992 891 1017 nunc
914 982 1021 1032 oblita
1034 980 1267 1031 declaratione
1291 982 1347 1019 sua
1374 983 1410 1019 in
1436 986 1559 1023 aedibus
1576 988 1665 1025 vivit
1682 996 1798 1035 pater-

375 1037 453 1074 nis;
482 1034 535 1069 Ad
552 1030 754 1077 religionem
781 1030 882 1076 igitur
897 1027 1194 1074 Amplissimorum
1209 1030 1343 1065 Parrum
1367 1042 1554 1079 eorumque
1579 1034 1796 1081 prudentiam

376 1085 523 1134 pertinet
542 1081 743 1117 decernere,
768 1089 808 1112 an
832 1076 992 1127 precibu-s
1009 1076 1060 1112 his
1082 1075 1122 1111 fit
1147 1078 1380 1119 annuendum,
1406 1091 1468 1115 nos
1495 1082 1587 1118 enim
1604 1083 1670 1118 duo
1689 1082 1797 1126 subji-

379 1135 488 1169 cimus
518 1125 756 1164 controversiae
781 1125 880 1167 hujus
908 1132 1042 1168 capita:

330 1183 356 1220 I.
384 1183 439 1217 An
457 1177 576 1214 Puellae
598 1171 816 1210 monacandae
843 1170 914 1215 post
936 1169 1066 1222 lapsum
1077 1171 1224 1207 mensem
1240 1199 1249 1212 ‚
1278 1173 1309 1208 &
1335 1185 1460 1210 annum
1488 1177 1697 1222 probationis
1719 1187 1798 1212 cen-

377 1229 510 1264 seantur
525 1223 696 1258 caducatae
717 1247 727 1260 ,
753 1220 843 1254 itaut
867 1218 980 1253 statim
1000 1217 1038 1253 stt
1061 1219 1155 1255 locus
1178 1219 1415 1267 Chirographo
1436 1222 1503 1258 san.
1531 1235 1630 1260 mem.
1655 1223 1800 1260 Benedi-

377 1270 541 1310 ctinlI.
568 1270 680 1305 favore
700 1266 901 1304 Puellarum
925 1265 1151 1308 nubentium,
1177 1269 1233 1303 vel
1263 1269 1375 1314 potius
1405 1268 1623 1316 praefigendus
1647 1271 1685 1306 sit
1711 1271 1801 1308 alius

379 1321 540 1361 terminus
568 1318 602 1352 in
626 1315 702 1351 casu
723 1316 790 1350 &c-

332 1373 379 1410 ῃ,
404 1371 462 1404 An
486 1367 524 1401 sit
547 1365 639 1399 locus
668 1361 912 1445 esongsggnationi
937 1359 1069 1396 subsidii
1104 1362 1224 1399 dotalis
1247 1364 1442 1410 temporalis
1474 1364 1591 1403 favore
1621 1367 1801 1403 Eleonorae

379 1415 560 1456 Morroniae
585 1411 618 1447 in
635 1421 673 1445 ca
692 1422 712 1445 u
761 1421 790 1447 e.

430 1564 485 1601 Ad
516 1564 540 1598 Ι.
557 1558 731 1607 Negative
754 1556 869 1609 quoad
893 1556 1209 1609 primamvpartem2
1230 1570 1297 1604 quo
1318 1571 1402 1597 vero
1430 1561 1473 1597 ad
1490 1562 1666 1604 secundam
1692 1559 1803 1606 praefi-
1841 1590 1845 1595 .

339 1613 487 1660 gendum
506 1608 569 1645 effe
587 1617 719 1654 tempus
743 1615 843 1656 uni-us
866 1608 943 1638 anni
968 1616 986 1638 a
1015 1605 1070 1655 die
1087 1606 1338 1642 nominationis
1366 1610 1542 1655 completa
1568 1620 1679 1644 tamen
1703 1617 1803 1644 aetate

339 1657 540 1695 conciliari,
568 1657 599 1691 &
624 1665 693 1689 non
717 1661 959 1702 nominentur,
985 1649 1047 1685 nist
1072 1664 1147 1698 quae
1174 1654 1392 1699 expleverint
1416 1668 1539 1693 annum
1563 1656 1803 1694 duodecimum

338 1707 471 1743 aetatis.
493 1704 549 1740 Ad
574 1702 619 1738 11.
642 1701 765 1736 Dilata
782 1700 849 1750 ,¹55
873 1700 1036 1750 scribatur
1060 1700 1334 1749 Archiepiscopo
1357 1714 1416 1749 pro
1446 1716 1534 1740 nova
1561 1703 1801 1740 informatione
1844 1748 1847 1750 -

338 1756 433 1798 juxta
460 1751 711 1789 instruetionem
736 1749 858 1782 auditis
879 1744 1037 1782 intereffe
1060 1746 1282 1785 habentibus.

446 1886 662 1925 ERONEN.
689 1883 780 1920 Cum
794 1882 1006 1919 Univerfitas
1020 1883 1145 1929 Oppidi
1166 1886 1273 1921 Sancti
1289 1887 1417 1921 felicis
1430 1886 1580 1934 Riperiae
1594 1885 1802 1926 Benacenlis,

341 1892 432 1975 V
462 1936 553 1982 quod
567 1934 612 1968 est
634 1934 670 1968 in
686 1930 838 1967 Dioecefi
859 1930 1072 1969 Veronensl,
1098 1931 1287 1979 Templum
1305 1935 1362 1969 sua
1387 1936 1530 1981 pecunia
1547 1946 1564 1967 a
1593 1934 1662 1969 solo
1686 1942 1804 1968 extru-

384 1982 502 2024 xiffet‚
526 1986 559 2018 ὅ(
585 1981 628 2016 ad
655 1981 744 2015 sacra
766 1978 951 2024 divinaque
964 1980 1113 2024 agenda,
1136 1980 1416 2028 Sacratnentaque
1443 1981 1660 2016 ministranda
1684 1981 1804 2015 Sacer—

386 2033 501 2065 dotem
520 2027 741 2064 constituisset
757 2052 767 2065 ,
792 2025 905 2070 plures
929 2024 1067 2061 fuerunt
1085 2051 1095 2064 ,
1119 2028 1177 2071 qui
1199 2028 1264 2063 hoc
1286 2028 1448 2074 exemplo
1463 2028 1616 2074 perciti,
1642 2037 1679 2062 ut
1699 2038 1804 2074 quan-

386 2087 422 2113 to
437 2078 542 2123 magis
556 2075 683 2121 posset,
706 2084 790 2119 opus
806 2072 869 2107 hoc
884 2074 976 2118 pium
992 2083 1250 2119 promoveretur
1265 2100 1274 2113 ,
1297 2076 1460 2111 haeredem
1481 2075 1644 2110 bonorum
1663 2074 1806 2109 suorum

386 2124 535 2158 eamdem
550 2121 816 2158 Univerfitatem
835 2120 1051 2156 instituerunt
1065 2146 1075 2160 ,
1099 2120 1152 2156 sed
1174 2122 1362 2169 longissimi
1382 2123 1525 2158 anteactti
1552 2121 1712 2167 temporis
1728 2121 1805 2167 fuga

385 2183 452 2206 non
475 2169 556 2204 ficut
576 2197 585 2209 ,
613 2180 648 2204 ut
665 2168 820 2204 omnium
847 2167 1035 2204 servaretur
1054 2169 1215 2204 memoria
1235 2181 1330 2205 extra
1356 2170 1418 2205 hos
1443 2169 1549 2209 duos,
1572 2179 1717 2214 quorum
1734 2168 1807 2214 pri-

384 2230 457 2253 mus
487 2217 534 2252 est
557 2217 696 2258 jacobus
710 2213 908 2254 Groffolus‚
937 2217 995 2262 qui
1025 2215 1079 2249 die
1097 2226 1125 2256 3.
1149 2217 1236 2252 Maii
1261 2218 1339 2253 anni
1358 2227 1454 2263 1440.
1480 2217 1651 2251 haeredem
1673 2213 1807 2260 scripfit

385 2263 653 2300 Univerfitatem
672 2289 682 2303 ,
703 2264 784 2296 dato
801 2271 912 2297 tamen
934 2274 1039 2298 onere
1055 2264 1228 2307 praestandi
1254 2264 1376 2299 fruetus
1391 2290 1401 2303 ,
1427 2261 1636 2308 redditusque
1663 2261 1807 2299 haeredi-

383 2313 491 2347 tarios
514 2311 596 2351 uni,
620 2310 675 2344 seu
694 2310 850 2354 pluribus
875 2309 1138 2350 Sacerdotibus,
1162 2311 1220 2355 qui
1248 2312 1340 2346 sacra
1359 2336 1370 2349 ‚
1399 2309 1582 2355 divinaque
1604 2308 1714 2344 officia
1738 2309 1806 2344 in.»

384 2361 500 2394 eodem
520 2357 674 2404 Templo
699 2364 843 2401 agerent
867 2361 900 2392 in
927 2360 1110 2394 remedium
1138 2361 1255 2394 animae
1273 2360 1341 2401 fiaeae
1366 2383 1376 2397 ‚
1407 2359 1437 2391 &
1463 2357 1597 2391 suorum
1625 2354 1806 2391 defuneto-

384 2418 476 2441 rum=
501 2417 572 2452 quae
601 2405 752 2440 solemnis
774 2412 848 2437 erat
872 2429 882 2442 ,
905 2406 938 2439 8<
974 2403 1209 2448 cognitissima
1234 2404 1378 2439 formula
1395 2431 1404 2443 ‚
1433 2416 1497 2449 qua
1518 2416 1557 2439 ea
1580 2401 1782 2449 tempestate
1797 2429 1808 2442 ,

383 2455 416 2486 ὅ(
430 2453 705 2488 antecedentibus
719 2451 824 2485 etiam
840 2448 970 2486 saeculis
984 2449 1172 2486 utebantur
1196 2450 1231 2485 in
1261 2451 1354 2486 hisce
1371 2451 1435 2497 piis
1459 2449 1716 2497 largitionibus3
1745 2458 1808 2485 aut

385 2500 527 2533 relietis:
551 2501 675 2535 Altera
688 2527 697 2540 ,
724 2497 820 2540 cujus
838 2506 934 2532 extet
956 2497 1122 2532 memoria
1136 2524 1146 2537 ,
1167 2497 1235 2532 fuit
1250 2497 1380 2538 Joanna
1398 2498 1563 2533 Cerclina
1579 2508 1674 2541 ,quae
1688 2496 1806 2531 eidem

387 2546 605 2580 Univerfitati
621 2559 707 2582 anno
725 2552 825 2586 1460·
840 2545 1013 2580 dimidiam
1035 2545 1178 2580 duorum
1194 2545 1395 2589 praediorum
1412 2555 1551 2591 partem
1572 2543 1712 2590 reliquit
1727 2571 1735 2584 ‚
1764 2552 1804 2578 ut

384 2603 505 2627 eorum
527 2593 702 2628 redditibus
729 2595 771 2627 ab
798 2604 866 2627 uno
891 2593 1071 2630 Sacerdote
1102 2592 1346 2627 sacrificaretur
1381 2592 1415 2626 in
1447 2594 1563 2626 eodem
1588 2590 1745 2636 Templo
1770 2593 1806 2626 in

384 2643 567 2675 remedium
587 2643 702 2675 animae
720 2642 785 2683 sate
806 2665 816 2678 ‚
842 2640 873 2674 &
890 2639 1030 2676 suorum
1053 2638 1285 2676 defunctorum
1300 2664 1311 2678 ‚
1337 2640 1367 2674 &
1391 2638 1413 2674 fi
1436 2638 1516 2686 quid
1539 2637 1708 2684 reliquum
1725 2635 1806 2672 ess'et

384 2686 419 2721 in
440 2697 674 2722 ornamentum
688 2686 830 2732 Templi
853 2686 1118 2733 impenderetur.
1752 2728 1798 2765 H·

1790 2739 1819 2765 15

97 1919 257 1957 Sefsaffizc.
273 1923 302 1953 4.

96 1958 131 1986 de
148 1958 198 1995 ref
