1874 2961
1468 125 1510 158 45

145 165 446 210 AsTRIMARts
470 161 856 201 RESIGNATIONIS
884 161 1155 200 PAROCHIAE
1180 186 1190 196 .
1220 163 1342 200 Dilata
1364 162 1430 199 suit
1449 162 1513 198 hu-

53 176 132 259 C
158 220 247 264 juscc
270 216 374 253 caus-t:
394 213 577 264 propositio
597 215 643 264 ab
658 211 888 264 Ampliisintis
904 212 1058 247 Patribus
1083 211 1117 244 in
1132 210 1252 262 ultima
1264 210 1514 261 Congregatio-

93 281 136 305 ne
159 267 275 302 habita
300 268 353 299 die
377 269 430 298 25.
451 259 842 301 transafflmenstsjunii
863 273 869 293 :
895 262 1011 294 damus
1026 269 1116 293 nunc
1141 267 1215 291 eam
1232 267 1353 293 nerum
1368 285 1378 299 ,
1403 267 1440 291 ut
1464 268 1514 291 ιη-

99 316 210 363 specto
235 311 333 348 folio
358 310 451 345 illius
478 306 765 354 Congregationis
779 334 789 347 ‚
811 310 878 343 duo
897 334 906 347 ,
929 319 1002 354 qua:
1022 304 1216 347 subjicimus
1232 329 1245 344 ,
1281 306 1397 341 Dubia
1414 304 1511 339 Emi-

96 361 369 399 nentissimorum
381 357 517 392 Patrum
534 357 743 391 authoritate
762 355 935 390 solvantur
950 379 960 389 .

62 409 92 448 I.
111 414 170 447 An
194 405 394 452 Resignatio
423 404 504 439 sacta
528 414 585 447 per
616 401 917 449 D.Ray1nundu1n
941 402 984 439 de
1011 400 1136 436 Turris
1153 398 1341 434 Parochum
1356 397 1509 434 Ecclefiae

146 456 289 503 Spiritus
303 451 412 487 sancti
435 452 565 493 dejure
582 459 779 497 patronatus
798 449 980 485 Artificum
1002 448 1107 495 vulgo
1130 450 1267 484 Bottari
1286 445 1510 483 substineatur

146 504 183 539 in
206 502 282 537 casu
307 503 371 536 ἃς.
395 504 438 536 (ψ’
459 508 627 546 quatenns
651 499 856 542 &firmamve
877 522 887 531 .

33 556 36 562 '
59 548 101 589 II.
128 554 186 586 An
208 547 334 596 possint
355 547 456 582 iidem
468 542 630 581 Artifices
650 544 761 579 denuo
777 556 955 579 nomlnare
968 544 1122 580 eumdem
1137 541 1328 578 Parochum
1340 541 1511 586 refignan·

148 608 220 633 tem
248 596 283 631 in
308 593 387 630 casu
402 595 467 630 &c.

149 690 208 727 Ad
222 691 248 726 1.
268 688 461 736 Negative.
488 687 543 722 Ad
564 685 609 721 11.
628 686 807 723 Provisum
832 686 866 722 in
887 688 1017 733 primo.

150 829 422 868 ARENTINA
448 827 793 865 MATRIMONII:
819 830 925 865 Redit
951 829 1071 865 iterum
1096 830 1136 864 ad
1162 827 1332 868 Judicium
1356 823 1509 871 Amplis-

165 878 324 914 fimorum
345 877 481 913 Parrum
495 879 564 910 hxc
577 875 673 911 causa
689 903 699 916 ,
726 878 822 920 cujus
841 877 972 924 species
995 878 1071 911 data
1103 875 1167 911 suit
1184 877 1220 910 in
1249 875 1334 910 solio
1348 872 1507 918 Congre-

96 928 245 975 gationis
270 925 386 960 habite
411 928 465 961 die
496 924 526 959 8.
555 924 709 959 transacti
737 924 855 959 mensis
883 924 995 965 Maii,
1020 937 1038 959 a
1055 934 1120 969 quo
1142 923 1251 968 repeti
1278 919 1405 969 potest.-
1436 919 1507 954 Re-

49 1005 52 1010 ,
97 972 252 1021 sponsum
280 972 345 1007 fuit
370 984 387 1006 a
415 973 516 1005 Sacro
534 970 658 1005 Senatu
692 972 726 1005 in
750 971 1050 1018 Congregatione‚
1075 981 1149 1018 quae
1176 970 1293 1005 habita
1316 968 1362 1003 est
1381 969 1434 1003 die
1446 977 1508 1020 .²9.·

95 1021 244 1066 ejusdem
258 1018 377 1054 menfis
391 1018 494 1054 dubio
506 1044 516 1057 ,
540 1030 609 1063 quo
626 1018 839 1064 quaerebatur
851 1045 862 1058 ,
884 1024 942 1054 An
963 1018 1085 1059 conflet
1109 1019 1148 1052 dc
1163 1019 1407 1054 Matrimonio,
1419 1016 1507 1058 elus-

95 1082 161 1117 que
186 1069 376 1103 validitate
406 1070 439 1102 in
465 1066 540 1108 cafit
566 1070 641 1101 &c-
668 1066 889 1110 Affirmative
904 1091 914 1105 ‚
939 1077 1028 1100 nunc
1053 1075 1132 1100 vero
1153 1063 1414 1110 respondendum
1437 1059 1504 1097 est.

50 1115 169 1160 ‚Ansit
193 1113 370 1155 standum,
396 1114 456 1149 vel
477 1114 694 1148 recedendum
718 1125 738 1146 a
765 1112 878 1156 dectsts
904 1115 938 1148 ia
964 1113 1038 1157 casu
1067 1117 1140 1150 &a

144 1211 184 1245 ln
202 1206 341 1247 decisis,
368 1207 398 1242 &
427 1205 597 1254 amplius.

169 1349 496 1388 ONASTERIEN.
533 1351 614 1385 SEU
649 1350 993 1387 PADERBONEN.
1033 1350 1347 1386 MATRIMONH
1371 1365 1379 1384 :
1422 1349 1505 1384 Haec

183 1399 282 1435 causa
297 1398 332 1432 in
347 1398 510 1444 postrema
525 1397 798 1443 Congregatione
817 1397 981 1444 propofita
1008 1411 1076 1433 non
1099 1399 1166 1433 fuit
1182 1424 1190 1436 ‚
1213 1399 1411 1433 dilationem
1437 1409 1505 1443 po-

93 1446 240 1481 stulante
256 1448 358 1479 Anna
378 1443 552 1480 Francisca
568 1445 745 1479 Dorothea
760 1444 928 1480 Batonissa
941 1446 980 1478 de
996 1445 1144 1480 Althaus
1161 1473 1166 1479 .
1197 1445 1376 1491 Rogantur
1393 1447 1504 1492 itaque

89 1491 355 1528 Eminentissimi
374 1491 490 1526 Patres
505 1491 614 1526 oculis
643 1492 768 1526 iterum
796 1491 962 1534 subjicere
979 1492 1110 1527 Folium
1137 1492 1230 1528 illius
1252 1495 1504 1541 Congregatio-

89 1542 167 1581 nis,
192 1551 256 1575 nec
280 1551 345 1574 non
370 1538 504 1574 libellos
535 1539 614 1573 hinc
637 1538 714 1573 inde
740 1539 835 1574 datos
853 1566 862 1579 ,
885 1549 923 1573 ut
952 1539 1148 1585 respondere
1162 1542 1313 1587 possint.

40 1591 102 1628 ’,Λη
114 1590 160 1634 fit
173 1587 322 1627 fiandnm
340 1588 400 1621 vel
413 1588 629 1624 recedendum
654 1598 674 1619 a
692 1586 806 1630 dectfis
830 1589 865 1623 in
886 1588 966 1634 casu
980 1592 1056 1625 &c-

139 1688 222 1724 Non
252 1684 416 1734 proposita
439 1697 517 1721 cum
547 1685 760 1737 sequentibus
777 1697 788 1708 ·

140 1825 355 1866 OMANA,
383 1824 470 1860 SEU
495 1824 769 1866 BONONIEN.
796 1825 981 1863 LEGATI
1006 1840 1015 1860 ε
1056 1827 1167 1873 Origo
1188 1827 1300 1875 omnis
1329 1829 1502 1870 hujusce,

150 1872 386 1909 controverfiae
402 1899 413 1913 ‚
445 1885 518 1918 quae
540 1872 654 1919 agitur
676 1874 769 1908 inter
786 1874 993 1910 Sodahtium
1020 1875 1074 1910 SS.
1103 1875 1263 1915 Joanm's,
1288 1876 1319 1910 &
1350 1877 1504 1913 Petronii

87 1922 251 1957 Nationis
269 1920 510 1960 Bononiensis,
527 1921 614 1967 quod
639 1921 673 1955 in
700 1920 792 1955 Urbe
817 1922 864 1956 est
883 1947 893 1960 ,
917 1921 948 1955 &
977 1922 1150 1967 Angelum
1179 1922 1325 1957 Mariam
1350 1924 1504 1959 Garden-

85 1969 203 2015 ghium
218 1994 228 2008 ,
254 1979 297 2003 ex
311 1968 508 2004 testamento
520 1970 567 2004 est
580 1967 739 2004 Petronii
754 1968 922 2004 Francisci
936 1966 1148 2014 Gardenghii
1164 1995 1174 2008 ,
1198 1969 1234 2004 in
1249 1982 1315 2016 quo
1334 1971 1400 2007 hoc
1415 1972 1502 2006 scri-

32 2017 35 2059 j
84 2015 150 2062 pfit
174 2015 324 2061 legatum
339 2042 350 2056 ,
371 2019 460 2062 quod
487 2017 561 2063 ipsis
586 2014 776 2051 Testaroris
801 2016 913 2051 verbis
938 2017 1184 2062 exprimimus,
1210 2026 1247 2051 ut
1265 2016 1398 2053 facilius
1420 2019 1504 2054 Am-

78 2062 222 2108 pliflimi
240 2062 353 2098 Patres
367 2064 418 2105 jus
433 2088 443 2102 ,
470 2063 506 2099 in
525 2077 593 2111 quo
607 2063 778 2098 versantur
791 2091 800 2104 ,
823 2062 1045 2109 intelligant:
1063 2089 1086 2102 ‚‚
1116 2063 1268 2110 Vogli0‚
1293 2077 1311 2099 e
1333 2077 1504 2101 comman-

80 2133 107 2149 ‚,
132 2110 177 2146 do
194 2112 248 2144 ait
266 2109 412 2151 Testatur
426 2135 436 2148 ,
458 2113 521 2146 che
538 2113 706 2158 ogn'anno
731 2112 764 2146 in
790 2120 960 2157 perpetuo
982 2109 1115 2156 seguita
1140 2111 1173 2145 la
1189 2111 1259 2145 mia
1280 2121 1389 2156 morte
1409 2113 1503 2149 nella

78 2174 102 2195 ,,
128 2155 207 2191 festa
227 2156 260 2191 di
285 2157 316 2190 S.
331 2155 488 2192 Petronio
505 2159 592 2192 della
619 2158 779 2193 Nazione
796 2156 980 2204 Bolognese
1002 2158 1066 2192 &c.
1091 2157 1125 2192 di
1157 2158 1271 2194 Roma
1288 2158 1398 2194 debba
1418 2160 1502 2195 darfi

84 2229 113 2242 2,
137 2215 182 2239 un
198 2202 335 2238 suffidio
348 2204 461 2239 dotale
476 2205 508 2239 di
526 2205 618 2240 scudi
631 2205 850 2251 venticinque
863 2214 997 2239 moneta
1011 2215 1078 2239 con
1092 2204 1124 2239 la
1135 2203 1191 2240 sua
1209 2204 1300 2240 veste
1322 2206 1354 2241 di
1367 2206 1503 2243 roverso

81 2275 106 2291 „
131 2251 173 2285 ad
185 2262 252 2286 una
265 2248 361 2297 figlia
374 2250 417 2286 de
433 2252 574 2287 Fratelli
595 2253 653 2298 piri
674 2251 909 2298 frequentanti
931 2251 974 2287 da
998 2251 1184 2287 nominarii
1207 2264 1252 2287 un
1267 2264 1359 2288 anno
1383 2253 1418 2288 in
1432 2253 1502 2289 Ro-

77 2323 104 2338 „
130 2309 185 2333 ma
198 2297 290 2333 dalla
303 2297 585 2345 congregazione
603 2299 731 2346 segreta
744 2300 777 2333 di
791 2301 884 2334 detta
900 2298 1258 2335 Archiconfraternita
1272 2326 1283 2340 ‚
1309 2301 1340 2334 &
1364 2312 1408 2335 un
1423 2301 1500 2335 altr’

80 2371 106 2386 ‚‚
134 2356 226 2380 anno
237 2344 346 2380 dovr&
361 2345 436 2381 farfi
454 2349 492 2380 da
507 2347 646 2392 Angelo
661 2348 774 2381 Maria
785 2346 983 2392 Gardenghi
997 2348 1062 2382 διε.
1084 2359 1103 2382 e
1121 2348 1215 2382 detta
1230 2348 1367 2381 nomina
1390 2347 1499 2382 debba

77 2418 103 2433 ,‚
130 2393 276 2439 spettare
292 2391 353 2426 alli
371 2393 516 2428 suddetti
532 2421 541 2434 ‚
568 2394 637 2428 sino
661 2407 680 2428 a
708 2403 804 2428 tanto
819 2394 889 2428 sara
916 2394 950 2428 in
976 2395 1033 2429 eta
1054 2393 1290 2430 l³infrascritto
1308 2393 1378 2427 mio
1401 2396 1501 2429 erede

77 2465 103 2481 „
128 2439 342 2475 universale:
368 2441 393 2474 Ε
416 2452 475 2486 per
498 2441 600 2476 fondo
623 2441 655 2476 di
679 2441 773 2475 detto
798 2440 930 2476 suffidio
955 2441 1066 2476 dotale
1094 2441 1120 2476 li
1143 2443 1184 2476 db
1209 2464 1218 2479 ‚
1241 2441 1282 2475 ed
1311 2438 1448 2487 ass'egno
1471 2441 1500 2476 il

77 2510 102 2526 ‚‚
128 2486 198 2522 mio
215 2486 408 2526 Torretto,
433 2500 452 2522 e
479 2488 566 2524 scala
592 2488 636 2524 ad
661 2489 719 2524 uso
745 2489 777 2523 di
804 2488 898 2523 mola
922 2489 1018 2535 posto
1042 2488 1100 2523 nel
1123 2487 1223 2522 fiume
1248 2488 1306 2522 nel
1322 2486 1438 2523 Rione
1464 2489 1499 2525 di

79 2532 106 2575 ,ζ
129 2533 334 2570 Trastevere
349 2536 414 2570 &c.
435 2537 579 2572 d’annua
595 2537 737 2582 pigione
753 2537 786 2570 di
804 2535 847 2570 sc.
867 2546 919 2575 30.
934 2537 998 2571 ἃς.
1028 2547 1091 2571 con
1116 2535 1315 2570 condizione
1330 2561 1340 2574 ‚
1371 2537 1435 2570 che
1454 2535 1501 2571 {ia

76 2604 103 2620 ,‚
129 2580 209 2623 peso
230 2581 312 2617 delli
326 2582 466 2618 Fratelli
486 2584 518 2617 di
537 2583 629 2618 detta
656 2582 743 2617 Ven.
760 2581 1118 2618 Archiconfraternita
1140 2581 1304 2629 d'efigere
1328 2581 1352 2616 li
1376 2582 1498 2618 sudetti

75 2652 100 2667 ,‚
125 2627 170 2662 sc.
190 2638 242 2668 30.
257 2640 315 2674 per
332 2630 474 2676 erogarli
491 2641 587 2665 corne
611 2630 705 2676 sopra
719 2630 780 2665 &c.
797 2629 1006 2664 considerans
1028 2639 1143 2665 autern
1161 2629 1248 2665 idem
1267 2629 1430 2667 Testator
1444 2642 1500 2664 ca-

32 2703 35 2705 *
76 2674 148 2709 sum
164 2699 174 2713 ,
201 2687 271 2722 quo
283 2678 456 2712 nominata
481 2676 593 2712 fuisset
610 2676 732 2713 Puella
745 2703 755 2717 ,
783 2688 856 2722 quae
874 2675 1035 2712 Bononiae
1048 2676 1129 2711 ess'et
1143 2703 1153 2716 ,
1180 2678 1295 2712 voluit
1310 2705 1319 2720 ‚
1345 2686 1384 2712 ut
1401 2679 1499 2712 Soda-

76 2720 192 2758 litium
211 2731 420 2765 teneretur„
446 2725 623 2761 rimettere
648 2724 704 2762 nel
729 2724 849 2762 Monte
868 2723 900 2760 di
924 2723 1021 2761 Pieta
1037 2724 1075 2761 di
1099 2726 1195 2761 detta
1209 2725 1308 2761 Citta
1333 2725 1358 2760 li
1382 2723 1501 2778 sudet7

1424 2797 1448 2812 υ
1471 2781 1498 2807 tl
