1874 2961
85 112 419 161 Ministris,aliisque
441 114 633 161 supradictis
647 115 800 154 Petronis
829 116 917 151 intra
933 112 1022 161 septa
1046 110 1218 156 Ecclesiae,
1249 117 1280 151 δι
1305 78 1494 159 Ηοΐρὶιεῗὶζ

83 163 286 208 degentibus
302 189 311 202 ‚
336 161 402 198 slve
434 163 576 199 infirmis
601 190 610 204 ,
637 164 705 200 five
725 176 791 200 non
817 191 828 204 ,
854 165 889 200 in
914 163 989 199 casu
1007 164 1071 197 dcc.
1100 163 1140 196 V.
1171 166 1226 197 An
1250 163 1491 209 indulgendum

84 207 124 244 sit
145 208 262 245 eidem
276 208 547 257 Congregationi
560 235 570 248 ‚
589 211 619 246 δι
634 212 810 259 Hospitali
826 214 880 254 Jus
893 211 1075 258 sepeliendi
1090 219 1157 244 tam
1171 209 1373 246 Confratres
1389 236 1398 249 ,
1414 210 1490 244 Mi-

81 255 201 291 nistros
215 281 226 296 ‚
249 257 400 302 aliosque
424 258 459 292 in
474 257 646 303 Hospitali
673 260 872 297 decedentes
887 286 896 300 ‚
921 270 1020 306 quam
1033 257 1118 292 alios
1144 257 1345 294 decedentes
1360 257 1392 290 in
1406 269 1490 303 qua-

82 315 228 349 cumque
241 304 405 340 Parochia
423 330 433 343 ,
455 304 485 339 &
500 305 718 350 Sepulturam
731 308 813 344 alias
827 309 989 355 eligentes
1015 307 1049 339 in
1075 304 1160 338 dicia
1174 303 1316 340 Ecclesia
1332 331 1341 344 ‚
1365 306 1395 339 &
1415 306 1490 339 Ηο-

83 350 199 399 spitali
225 362 302 388 cum
330 352 449 387 eadem
473 351 731 396 independentia
747 356 913 396 Parochi,
934 353 989 389 seu
1004 352 1233 388 Parochorum
1257 352 1489 386 eorumdem„

80 398 210 444 absque
223 409 340 433 eorum
359 398 553 435 interventu
567 427 575 440 2
590 401 620 435 &
633 401 744 440 Cruce
760 413 831 438 tam
851 404 885 438 in
902 399 1111 440 ass'ociando,
1125 410 1226 445 quam
1240 400 1273 433 in
1300 397 1491 444 sepeliendo

83 444 256 482 cadavera
269 471 280 485 ³
292 458 360 481 una
373 458 451 484 cum
467 448 704 485 emolumentis
719 449 996 497 competentibus
1013 446 1293 484 aliisEcclefiis&
1305 443 1493 496 Hospitali-

82 493 146 529 ΜΒ
160 492 330 540 estmpfis
360 493 627 535 alurisdiffione
652 497 818 533 Parochi3
851 496 911 531 VI.
939 498 995 531 An
1019 493 1226 530 concedenda
1251 493 1293 528 sit
1315 499 1492 539 exemptio

83 541 125 575 ab
137 543 256 580 omni,
278 541 309 576 &
325 552 537 588 quacumque
552 541 720 581 solutione
735 544 880 584 cuiusvis
897 543 1061 588 portionis
1077 567 1086 580 ,
1110 540 1166 575 seu
1184 549 1310 587 quartae
1326 537 1491 575 funeralis

82 586 244 622 funerum
276 587 441 624 dictorum
465 588 701 625 Ministrorum
716 619 724 631 ‚
756 592 976 627 servientium
993 617 1001 628 ,
1027 588 1185 627 familiae,
1207 599 1246 623 ac
1272 588 1492 622 Sacerdotum

86 634 120 670 in
139 634 314 681 Hospitali
340 636 576 671 decedentium
594 636 625 670 in
643 637 719 674 casu
737 640 797 674 &c.
814 637 891 674 Vll.
916 642 973 674 An
988 635 1244 671 concedendum
1270 633 1308 668 fit
1325 631 1493 678 Hospitali

87 683 118 716 &
135 681 407 728 Congregationi
423 682 588 727 praediffis
607 684 773 721 indultum
789 685 980 731 exponendi
1003 684 1036 718 in
1060 682 1154 718 illius
1178 680 1324 717 Ecclefia
1347 679 1493 731 publicae

90 729 313 764 venerationi
329 730 575 765 Sanctiflimum
591 730 802 771 Eucharistiae
813 733 1065 767 Sacramentum
1080 756 1090 769 ‚
1102 729 1299 764 celebrandi
1313 731 1429 763 divina
1441 726 1492 761 of—

87 776 167 812 ficia
186 776 220 811 in
235 775 449 812 hebdomada
464 777 583 819 majori
596 802 606 815 ‚
631 780 849 816 benedicendi
862 778 1020 814 candelas
1037 805 1046 817 ,
1060 777 1187 811 cineres
1201 801 1210 814 ,
1236 778 1268 810 ὃ(
1295 787 1405 809 ramos
1429 773 1495 808 oli-

84 834 226 863 varum,
249 823 448 859 celebrandi
463 836 711 870 quamcumque
728 827 948 862 festivitatem
970 854 980 867 ,
994 824 1110 860 Missas
1124 831 1278 858 cantatas
1291 848 1302 862 ,
1327 821 1493 857 Praedica—

84 869 221 912 tiones‚
244 871 489 908 Anniversaria
507 897 518 910 ,
546 873 577 906 ἃ
606 873 728 909 Officia
745 875 984 912 Mortuerum,
1003 874 1035 907 8<
1072 871 1248 917 peragendi
1276 869 1414 919 quasvis
1431 869 1494 903 Ec-

85 916 285 956 clefiasticas
307 917 492 953 functiones
507 918 581 954 fieri
594 921 770 956 consuetas
789 922 829 955 ab
845 920 921 956 aliis
942 918 1179 963 Hospitalibus
1194 925 1370 961 exemptis,
1385 915 1497 966 fruen-

83 965 193 1011 dique
220 966 377 1001 omnibus
394 966 591 1012 Privilegiis
608 993 619 1008 ,
642 969 672 1002 δι
688 968 928 1015 praerogativis
954 967 996 1002 ad
1022 966 1123 1001 instar
1150 965 1298 1001 aliorum
1325 962 1496 1007 Hospita-

84 1011 168 1048 lium
187 1014 401 1051 authoritate
416 1013 609 1057 Apostolica
627 1024 864 1059 exemptorum
891 1017 925 1048 in
940 1014 1016 1050 casu
1045 1014 1110 1047 &c-

42 1057 182 1105 Septem
196 1060 334 1109 inquam
347 1061 416 1096 haec
432 1060 558 1107 Capita
578 1060 625 1096 ita
653 1063 794 1098 definita
808 1060 944 1098 fuerunt
959 1062 1000 1095 ab
1013 1058 1234 1104 Ampliffimis
1253 1057 1422 1097 Patribus,
1433 1055 1494 1108 qui

86 1106 371 1154 responderunt--
387 1107 444 1143 Ad
462 1108 612 1155 primum
626 1136 635 1149 ,
660 1109 860 1145 affirmative
874 1108 989 1155 quoad
1011 1106 1151 1152 primam
1166 1115 1298 1151 partem
1313 1132 1323 1145 ‚
1335 1114 1494 1151 negative

85 1155 197 1201 quoad
211 1154 390 1192 secundam
401 1182 410 1194 ‚
431 1155 521 1192 salva
536 1157 744 1192 authoritate
759 1156 940 1192 Ordinarii
956 1155 998 1191 ad
1014 1154 1156 1190 sormam
1169 1151 1337 1191 Concilii,
1353 1153 1382 1185 ἃ
1399 1152 1495 1186 dum-

86 1205 185 1238 modo
200 1203 359 1238 redditus
372 1202 500 1250 prioris
519 1202 681 1238 institutis
695 1214 877 1250 erogentur
897 1205 931 1237 in
944 1202 1093 1245 ejusdem
1106 1200 1406 1245 adimplementum
1419 1222 1429 1237 ,
1453 1197 1495 1231 ad

84 1261 187 1295 quem
203 1249 360 1285 effectum
389 1249 449 1285 slat
459 1249 629 1296 separatio
642 1251 814 1287 bonorum
833 1277 842 1289 ,
869 1252 923 1285 cui
939 1250 1112 1287 incumbat
1123 1246 1330 1283 Ordinarius
1343 1271 1353 1282 .
1378 1247 1432 1281 Ad
1443 1245 1494 1280 se-

83 1298 231 1332 cundum
245 1322 255 1336 ‚
270 1298 302 1332 &
322 1296 464 1332 tertium
479 1323 489 1336 ‚
503 1297 706 1333 affirmative
719 1300 826 1345 quoad
842 1299 1033 1333 Sacerdotes
1050 1294 1200 1329 infirmos
1214 1293 1260 1329 de
1274 1293 1416 1329 licentia
1431 1294 1494 1328 Pa·

85 1344 178 1380 rochi
204 1344 238 1380 S.
254 1344 460 1380 Sebastiani.
486 1343 540 1379 Ad
552 1354 710 1392 quartum
724 1371 734 1385 ‚
756 1346 918 1390 negative
941 1345 971 1380 &
993 1342 1108 1391 quoad
1121 1342 1318 1391 Sacerdotes
1345 1340 1494 1376 infirmos

82 1392 122 1426 de
138 1391 278 1426 licentia
291 1391 436 1427 Parochi
450 1415 460 1426 .
482 1391 538 1426 Ad
554 1393 711 1439 quintum
724 1419 734 1433 ,
765 1391 982 1428 Affirmative
997 1389 1109 1437 quoad
1136 1388 1284 1422 inhrmos
1298 1389 1497 1440 Sacerdotes

83 1437 120 1474 in
135 1438 544 1485 Hofpitalidecedemes‚
569 1440 604 1473 in
620 1439 759 1485 reliquis
787 1439 970 1486 negative.
997 1440 1051 1473 Ad
1076 1435 1208 1485 sextum
1224 1462 1233 1475 ‚
1261 1433 1436 1479 provisum
1459 1445 1494 1485 in

83 1485 304 1522 antecedenti
327 1511 337 1522 .
363 1485 419 1520 Ad
431 1485 611 1531 septimum
625 1514 635 1526 ,
660 1487 775 1533 quoad
796 1487 1044 1533 expositionem
1057 1481 1255 1518 sanfflffimi
1270 1482 1492 1534 Sacramentl,

86 1534 117 1569 ὃ(
136 1533 415 1570 Praecicationem
437 1533 580 1568 arbitrio
603 1535 781 1570 Ordinarii
796 1561 806 1574 ,
833 1534 866 1568 in
882 1532 1018 1578 reliquis
1046 1532 1133 1566 idem
1145 1529 1349 1564 Ordiuarius
1367 1539 1492 1580 provi-

86 1581 162 1616 deat
177 1592 242 1626 pro
267 1578 319 1615 sui
347 1578 533 1626 prudentia
546 1607 555 1620 ‚
578 1580 679 1617 salvis
703 1581 837 1623 Juribus
854 1579 1110 1616 Parochialibus
1123 1596 1162 1602 —·-
1179 1577 1271 1627 Data
1299 1575 1364 1611 suit
1377 1575 1493 1612 Paru-

88 1629 148 1662 bus
172 1626 414 1669 facultas‘iura
427 1625 482 1661 sua
496 1626 621 1662 iterum
647 1628 860 1667 deducendi,
886 1628 1029 1673 ideoque
1050 1624 1257 1669 Amplissimi
1272 1622 1388 1674 Patres
1404 1648 1414 1662 ‚
1441 1634 1495 1658 re·

87 1675 198 1720 petita
224 1675 368 1709 lectione
393 1673 643 1715 Foliiejusdem
668 1675 954 1722 Congregationis
971 1701 980 1713 ,
1004 1672 1093 1719 quod
1117 1672 1150 1706 in
1164 1671 1273 1705 lucem
1298 1669 1428 1704 editum
1446 1667 1493 1706 est

88 1723 176 1765 leesll
192 1723 340 1770 Resolut.
364 1726 459 1756 Sacr.
476 1726 587 1768 congr.
607 1725 775 1760 Vol.XIV.
795 1732 865 1770 pag
879 1734 937 1768 90.
959 1726 1001 1758 φ’*
1015 1723 1106 1766 seqq.
1121 1719 1299 1753 decernere
1314 1725 1494 1763 poterunt.

41 1775 99 1804 An
117 1768 162 1812 fit
171 1769 325 1810 standum
341 1793 350 1807 ,
379 1769 439 1804 vel
454 1772 670 1806 recedendum
690 1784 709 1803 a
725 1769 849 1813 Dectfis
867 1773 900 1806 in
917 1770 992 1812 casn
1007 1772 1081 1804 &c.

137 1863 195 1898 Ad
220 1863 371 1909 primum
395 1860 428 1896 in
440 1861 552 1897 deClsiS
568 1888 577 1901 ‚
598 1864 629 1897 δι
652 1863 799 1905 amplius
814 1889 822 1898 .
845 1864 899 1898 Ad
923 1860 1104 1896 secundum
1120 1887 1130 1900 ,
1149 1859 1288 1894 tertium
1302 1886 1313 1899 ,
1335 1859 1367 1893 &
1393 1869 1496 1903 quar-

39 1919 112 1945 tum
140 1910 174 1946 in
188 1909 302 1946 decisis
316 1936 326 1952 ‚
345 1910 478 1955 dempta
495 1910 642 1945 clausula
657 1909 700 1944 de
716 1909 859 1946 licentia
885 1907 1046 1945 Parochi.
1071 1908 1126 1942 Ad
1138 1908 1322 1955 quintum,
1343 1904 1496 1945 sextum,

38 1956 266 2004 &septimum
292 1957 328 1992 in
349 1955 469 1992 decisis
484 1982 496 2000 ‚
519 1958 553 1993 &
580 1957 725 2007 amplius
749 1982 759 1995 .

42 2100 149 2184 Μ
164 2098 353 2135 ILETEN.
375 2098 555 2138 TAXIE:
586 2101 668 2136 Haec
695 2112 831 2148 quoque
855 2101 966 2137 Causa
1004 2100 1130 2147 pluries
1160 2099 1331 2146 proposita
1355 2097 1497 2132 definita

178 2147 312 2182 tandem
327 2146 393 2181 fuit
405 2147 439 2181 in
453 2147 733 2195 Congregatioue
751 2150 866 2184 habita
878 2149 932 2183 die
943 2160 974 2189 4.
982 2147 1183 2184 Decembris
1198 2145 1382 2193 superioris
1396 2145 1493 2179 anni.

89 2195 176 2230 Duo
200 2203 296 2230 erant
324 2193 441 2229 Dubia
460 2211 492 2219 --
510 2193 538 2230 I.
563 2197 620 2229 An
647 2206 707 2240 per
728 2197 913 2231 Monachos
927 2194 1126 2230 Monasterii
1148 2195 1178 2228 S.
1194 2194 1311 2229 Maria:
1335 2195 1374 2228 de
1402 2192 1497 2227 Pati-

87 2241 140 2276 rio
156 2241 294 2277 Ordinis
319 2242 429 2276 Sansti
452 2240 566 2277 Basilii
599 2241 768 2278 debeatur
794 2243 908 2290 aliqua
922 2242 1024 2277 Taxa
1053 2241 1236 2276 Seminario
1248 2241 1406 2277 Mileten.
1434 2250 1496 2284 pro

87 2287 260 2327 Grancia,
281 2289 313 2323 &
327 2287 472 2323 Ecclesia
487 2287 634 2324 Scaliti3
658 2296 702 2325 Et
716 2300 885 2338 quatenus
912 2293 1075 2336 negative
1096 2314 1106 2323 .
1127 2288 1171 2325 ΙΙ.
1199 2291 1254 2323 An
1282 2289 1369 2323 idem
1396 2284 1500 2321 Semi-

89 2337 226 2372 narium
247 2344 403 2370 teneatur
425 2334 599 2371 restituere
627 2336 816 2379 Ducatz7.
837 2349 856 2371 a
882 2337 1031 2383 praefatis
1056 2336 1237 2371 Monachis
1259 2346 1350 2370 anno
1376 2343 1497 2380 praete·

90 2384 159 2418 rito
170 2383 306 2418 exaCkos
325 2381 341 2417 3
362 2401 399 2408 --
424 2382 634 2428 Responsum
664 2383 754 2419 fuit.
784 2383 841 2419 Ad
864 2385 1005 2430 primum
1029 2383 1211 2430 negative.
1244 2383 1299 2416 Ad
1317 2382 1500 2417 secundum

91 2428 318 2465 affirmative:
341 2448 374 2457 --
400 2428 555 2465 Redeunt
579 2441 668 2465 nunc
686 2431 838 2478 responsa
861 2431 970 2466 isthaec
987 2430 1027 2465 ad
1039 2441 1165 2464 novum
1178 2428 1345 2470 judicium
1359 2454 1369 2468 ,
1398 2429 1429 2463 ἃ
1445 2427 1500 2462 in-

89 2475 338 2522 spessoiterum
352 2476 453 2511 Folio
466 2477 754 2524 Congregationis
774 2477 848 2512 diei
865 2478 895 2513 8.
910 2476 999 2513 Maii
1030 2488 1132 2524 1745.
1158 2475 1262 2523 Qod
1287 2475 1334 2511 est
1361 2475 1500 2515 Vol-14.

91 2523 184 2575 Thes.
198 2525 303 2569 Resbl.
318 2527 460 2572 pag.38.
483 2523 748 2569 respondendum
773 2523 840 2559 est.

45 2576 104 2606 An
120 2571 165 2612 Jtt
182 2569 360 2611 standum,
385 2572 445 2608 vel
466 2574 683 2609 recedendum
715 2585 736 2606 a
765 2571 879 2616 decisis
904 2573 938 2608 in
957 2571 1033 2616 casa
1049 2574 1124 2608 &a

137 2663 261 2700 Dilata
275 2689 286 2704 ,
309 2664 341 2699 δι
357 2675 562 2713 proponatur
583 2667 730 2703 omnino
751 2665 788 2703 in
812 2666 923 2714 prima
940 2693 950 2703 .
1375 2712 1484 2747 POLI

1537 2125 1627 2165 δορα.
1633 2133 1656 2160 ς.
1668 2133 1705 2155 c.1
1714 2127 1742 2157 8.

1539 2167 1574 2197 de
1585 2164 1697 2203 reform.
