1883 2907
349 111 400 187 τ’ἔς
415 150 460 185 est
475 152 514 185 de
525 145 715 193 privilegio
743 152 915 192 exequuto
928 169 938 184 ,
959 144 999 179 de
1019 141 1182 179 oratorio
1198 140 1355 177 existenti
1375 142 1408 177 in
1422 154 1486 177 una
1501 143 1638 179 AElium
1651 152 1747 189 parte
1764 169 1776 183 ‚
1801 146 1833 183 δι

349 199 384 233 in
404 193 788 237 aliam.transferend0,
814 194 897 228 itaut
923 190 1110 237 disluisitio
1142 190 1212 226 haec
1237 188 1435 242 nobilitatis,
1453 200 1522 226 non
1546 192 1671 239 spectet
1696 192 1737 227 ad
1765 202 1836 229 rem

349 242 543 289 prxscntem
559 269 570 283 ,
597 240 652 276 sed
677 241 719 276 ad
732 239 829 276 aliud
851 239 1017 280 judicium
1031 237 1270 274 instituendum
1288 263 1298 276 ,
1323 247 1360 272 ut
1383 238 1554 274 adimatur
1581 240 1644 274 hoc
1671 239 1834 278 Privile-

348 289 442 336 gium
466 291 532 333 jam
555 290 673 326 datum
691 316 701 329 ,
726 290 757 324 &
783 296 1009 334 exequutum.
1033 285 1142 335 Qod
1167 284 1188 320 si
1209 285 1252 320 de
1275 284 1458 320 nobilitate
1489 288 1527 321 ad
1550 287 1640 323 hunc
1664 315 1674 329 ‚
1699 287 1740 324 de
1766 300 1836 335 quo

348 347 401 373 res
413 336 460 373 est
475 365 485 379 ‚
510 337 667 374 effectum
683 335 812 382 inquiri
833 335 972 370 deberet
987 361 996 374 ,
1012 331 1371 368 monstratGaleanius
1390 330 1568 370 falsitatem
1582 334 1833 373 vilissimorum

350 382 505 421 Testiurn
521 413 531 426 ‚
551 386 609 432 qui
630 383 836 420 asset-verunt
861 393 938 417 eum
962 381 1090 416 sordido
1115 389 1308 415 mercatur-e
1333 391 1458 426 genere
1481 381 1650 419 addictum
1671 382 1736 420 esse
1759 409 1770 420 .
1800 385 1833 419 A

350 432 549 470 Promotorc
563 431 689 469 Fiscali
714 430 801 467 nibil
819 429 1019 464 habuimus:
1047 427 1162 462 Unum
1174 424 1291 463 Causae
1310 428 1409 470 hujus
1425 440 1526 475 caput
1541 430 1587 466 est
1607 455 1616 464 .

304 481 360 517 An
383 482 505 523 constet
528 483 567 516 de
594 481 764 525 legitimis
778 476 880 518 causis
901 476 1085 522 denegandi
1095 476 1265 510 Benedm.
1279 478 1363 510 novi
1378 479 1533 524 Oratorij
1547 505 1559 519 ‚
1583 483 1627 516 Θ·
1655 480 1834 516 licenn'am

350 528 508 566 lebrandi
535 530 569 562 in
585 541 622 564 ρο
651 534 807 562 recenter
825 523 1032 565 confirmita,
1057 521 1294 569 &subrogato
1308 523 1344 557 in
1371 523 1478 559 locum
1502 526 1650 563 alterius
1681 528 1746 572 fitb
1778 538 1836 562 eo.

356 573 429 612 dem
446 578 540 612 Τεὲῖο
556 602 566 614 ,
591 579 634 612 ό*
649 574 782 608 Indulto
798 570 990 619 Apostolico
1007 569 1080 616 jam
1103 568 1280 610 existentis
1297 594 1307 608 ,
1340 569 1399 613 seu
1420 574 1538 617 potius
1567 572 1828 621 injungendum,

348 622 393 665 fit
419 623 621 662 ordinario,
647 631 685 657 ut
701 620 934 663 V1fitationem
948 644 959 658 ,
982 622 1026 655 Θ*
1040 617 1307 654 Βεηεάίιὲἶίοκεηι
1324 617 1486 664 expleat,
1509 633 1547 655 ac
1563 621 1749 658 licentiam
1773 636 1831 659 ce·

356 670 515 708 lebrandi
526 672 685 707 concedat
698 670 733 703 in
747 667 822 711 casu
836 670 912 704 &a

443 779 713 847 Negative
733 777 802 828 ad
837 776 1074 844 primam
1105 788 1319 843 partem
1348 815 1362 839 ,
1399 784 1449 834 8<
1488 775 1830 831 Affirmative

372 849 439 899 ad
465 849 749 900 secundam
783 885 796 898 .

35 963 266 1006 sess.22.dccr.
413 955 771 992 LBINTIMILIEN.
796 951 1130 1004 SUSPENSIONIS
1156 951 1408 999 ORATORIJ
1434 984 1443 998 ‚
1482 958 1547 994 ET
1570 956 1829 995 CENSURA-

37 1008 74 1047 dg
88 1007 266 1049 obsera&
426 1003 562 1039 RUM:
591 1003 638 1039 Ut
665 1002 811 1038 diximus
837 1011 872 1034 ln
885 1002 996 1037 Causa
1023 1000 1234 1046 praecedendi
1258 1028 1267 1041 ,
1293 1005 1452 1051 confugit
1479 1008 1582 1042 etiam
1606 1009 1643 1042 ad
1668 1005 1731 1040 hoc
1754 1005 1835 1040 Sac-

37 1058 159 1092 evitAn
172 1054 267 1091 celeb
350 1063 428 1086 rum
442 1051 608 1086 Tribunal
626 1078 636 1091 ,
665 1059 836 1096 tamquam
849 1049 887 1083 ad
899 1049 986 1090 Juris
1001 1047 1147 1095 Asylum
1159 1048 1343 1090 Caietanus
1355 1050 1540 1100 Fenoglius
1555 1049 1737 1090 obtinuiss'e
1754 1062 1832 1087 cum

35 1105 127 1149 Miss,
352 1098 470 1134 Uxore
494 1098 548 1134 sua
567 1098 830 1144 aSacratissimo
858 1094 1044 1144 Principe,
1069 1097 1099 1131 ὅ(
1118 1095 1282 1132 Pontifice
1310 1097 1424 1134 nostro
1451 1100 1612 1137 affertiva
1637 1099 1830 1137 nobilitatis

351 1146 589 1182 Domesticum
603 1145 804 1182 Oratorium
817 1154 906 1179 anno
926 1154 1022 1191 ¹740·
1038 1143 1261 1194 Privilegium
1275 1147 1493 1191 exequutioni
1512 1151 1708 1184 mandatum
1733 1146 1800 1181 suit
1813 1159 1831 1181 a

353 1194 497 1229 vicario
509 1193 729 1241 Capitulari;
754 1193 860 1228 Anno
877 1202 974 1236 1743·
999 1192 1197 1241 oratorium
1214 1191 1297 1227 illud
1310 1193 1463 1230 vifitavit
1488 1196 1648 1232 Vicarius
1671 1193 1830 1230 Genera-

352 1242 396 1276 lis
410 1242 530 1284 huius,
556 1241 611 1288 qui
627 1253 717 1276 nunc
734 1238 886 1275 Ecclesiae
902 1237 1020 1287 praeest
1035 1263 1045 1276 ‚
1067 1238 1243 1283 Episcopi,
1267 1241 1393 1286 quique
1416 1241 1547 1278 deserta
1570 1243 1729 1277 Civitate
1759 1267 1769 1279 ,
1796 1241 1829 1275 δι

352 1288 553 1324 Cathedrali
579 1289 635 1324 sua
649 1287 771 1322 Sedem
784 1286 952 1322 transtulit
968 1287 1002 1322 in
1018 1285 1176 1320 Mentoni
1190 1285 1367 1333 Oppidum
1380 1315 1389 1328 ,
1422 1291 1516 1334 quod
1541 1292 1664 1326 octavo
1683 1286 1831 1333 lapide-0

351 1336 395 1369 ab
409 1335 500 1370 Urbe
521 1335 642 1375 distat,
667 1335 725 1370 via
751 1332 955 1377 asperrima,
977 1335 1008 1369 &
1032 1332 1234 1368 difficillima
1249 1359 1257 1372 ‚
1284 1335 1419 1380 rupibus
1447 1338 1635 1374 teterrimis
1652 1334 1828 1371 abscissis.

351 1382 561 1417 Declaravit
580 1382 742 1418 Vicarius
765 1381 946 1417 Generalis
970 1380 1173 1417 Oratorium
1190 1380 1311 1416 decore
1331 1393 1490 1420 ornatum
1518 1384 1581 1420 effe
1598 1414 1606 1420 ..
1632 1386 1830 1427 Sacraque.)

353 1429 584 1476 suppellectili
597 1428 815 1467 instruQum3
836 1429 922 1464 ortis
935 1428 1010 1465 inde
1031 1426 1173 1463 dissidiis
1188 1428 1277 1463 inter
1294 1429 1498 1478 Episcopum
1512 1460 1520 1472 ‚
1540 1433 1572 1468 &
1589 1429 1828 1477 Magistratum

351 1475 517 1512 Civitatis
531 1504 540 1517 ‚
566 1479 599 1513 in
624 1488 692 1523 quo
704 1484 800 1511 erant
817 1476 999 1523 Fenoglius
1011 1502 1021 1516 ,
1046 1477 1078 1510 &
1094 1473 1280 1510 Galeanius
1290 1477 1332 1510 ob
1348 1479 1604 1514 translationem
1622 1477 1707 1512 Festi
1724 1478 1753 1511 S.
1767 1475 1828 1510 Se-

351 1525 450 1560 cundi
467 1551 477 1564 ,
503 1534 540 1560 ut
556 1526 592 1559 in
607 1524 672 1559 alia
685 1524 782 1558 causa
807 1523 1008 1571 praecedenti
1037 1522 1222 1557 dicebamus
1236 1549 1246 1562 ‚
1271 1534 1410 1571 repente
1425 1525 1520 1562 nulla
1533 1525 1700 1561 citatione
1717 1549 1727 1563 ,
1746 1522 1828 1558 nul-

351 1572 383 1604 la
396 1572 592 1608 monitione
606 1571 792 1619 praehabita
806 1598 815 1610 ,
842 1569 955 1606 valvis
970 1568 1126 1605 Ecclesiae
1144 1569 1359 1606 Cathedralis
1371 1572 1508 1608 affixum
1534 1572 1600 1608 fuit
1615 1571 1825 1616 praecepium

350 1617 551 1665 Episcopale
564 1646 574 1660 ,
599 1631 706 1666 quo„
735 1617 844 1664 dignis
861 1618 905 1653 de
920 1616 1059 1658 Caufis,
1084 1617 1125 1651 de
1137 1616 1256 1661 quibus
1278 1619 1442 1655 rationem
1470 1620 1646 1657 reddemus
1661 1616 1743 1653 Deo
1757 1644 1767 1657 ,
1794 1617 1828 1652 &t

304 1693 326 1708 ‚,
352 1664 476 1702 Sanetae
491 1666 569 1703 Sedi
586 1665 790 1714 Apostolicae
805 1692 827 1706 ‚,
849 1664 1089 1711 injungebatur
1105 1663 1274 1706 Caietano
1289 1664 1455 1712 Fenoglio
1468 1695 1478 1709 ,
1491 1678 1534 1703 ne
1550 1667 1611 1702 sub
1631 1675 1828 1712 excommp-

303 1740 328 1755 ‚,
354 1713 537 1750 nicationis
561 1714 638 1749 latae
659 1714 835 1749 sententiae
859 1724 953 1756 paena
975 1712 1134 1756 deinceps
1162 1709 1295 1747 Missam
1306 1711 1482 1750 celebrare
1505 1713 1608 1750 faciat
1636 1712 1679 1748 in
1695 1712 1828 1747 Orata*-

305 1786 329 1800 „
352 1760 405 1795 rio
431 1761 547 1797 domus
569 1762 634 1797 suae
658 1784 667 1799 ‚
695 1759 827 1795 &infra
851 1760 904 1794 sex
930 1759 1027 1794 horas
1051 1758 1111 1794 sub
1133 1759 1245 1795 eadem
1258 1769 1350 1804 paena
1363 1760 1535 1808 configent
1550 1760 1692 1797 vicario
1708 1758 1826 1795 Gene-

304 1835 326 1849 ‚,
353 1808 415 1843 rali
429 1807 562 1844 Petram
576 1810 744 1843 Sacratam
759 1833 770 1848 ,
796 1807 977 1845 Patenam,
999 1805 1154 1841 Calicem
1169 1830 1180 1844 ‚
1205 1805 1354 1852 aliasque
1382 1808 1498 1845 Sacras
1521 1806 1788 1855 Suppellectiles
1802 1831 1826 1846 ‚,

351 1855 522 1891 Adversus
544 1856 610 1891 hoc
622 1864 824 1902 praeceptum
847 1857 937 1891 intra
952 1853 1135 1888 terminum
1160 1852 1216 1889 sex
1238 1854 1395 1889 horarum
1421 1855 1687 1902 appellationem
1714 1853 1826 1889 inter-

349 1903 463 1949 posuit
479 1903 665 1949 Fenoglius
685 1913 798 1939 coram
815 1901 959 1938 honestis
972 1900 1068 1936 Viris
1081 1926 1092 1940 ‚
1115 1900 1148 1935 δι
1163 1902 1243 1946 quia
1264 1901 1450 1939 Promotor
1464 1902 1602 1939 Fiscalis
1618 1902 1759 1947 urgebat
1778 1901 1824 1936 ob

350 1960 418 1985 non
446 1950 653 1986 traditasres
669 1950 795 1989 sacras,
817 1950 939 1985 iterum
954 1947 1138 1995 appellavit
1157 1959 1220 1996 per
1232 1948 1497 1988 Procuratorem
1520 1949 1718 1996 specialiter
1743 1959 1825 1983 con-

350 1996 505 2033 stitutum
522 2010 540 2032 a
562 1998 717 2034 Decreto
734 1997 869 2032 termini
884 1997 1020 2031 dierum
1041 1995 1223 2031 duodecim
1238 2007 1298 2041 pro
1310 1997 1485 2034 relaxione
1498 1996 1724 2032 Censurarutn
1737 2010 1756 2029 :⁷
1767 1994 1824 2031 sed

350 2045 529 2091 Episcopus
545 2072 556 2086 ‚
569 2046 724 2080 omnibus
740 2044 860 2091 spretis
873 2071 884 2084 ,
899 2043 1063 2091 nullaque
1074 2042 1239 2088 praemissa
1254 2043 1414 2079 citatione
1426 2073 1435 2085 ,
1445 2042 1623 2081 definitive
1634 2042 1786 2080 decrevit
1799 2069 1823 2083 „

304 2118 329 2134 „
352 2092 554 2134 Caietanum
570 2091 777 2138 Fenoglium
801 2090 970 2126 incursum
991 2091 1025 2125 in
1055 2101 1190 2137 poenam
1208 2090 1574 2129 excommunicationis
1597 2091 1736 2133 majoris
1763 2089 1824 2126 fibi

306 2165 330 2180 „
355 2139 529 2175 reservatae
546 2166 568 2180 ‚‚
594 2141 626 2175 &
656 2139 737 2174 inde
760 2138 851 2174 affixi
875 2138 1010 2173 suerunt
1025 2138 1203 2175 Cedulones
1216 2139 1329 2174 valvis
1347 2139 1506 2175 Ecclesiae
1520 2137 1738 2174 Cathedralis
1750 2148 1758 2156 ·

308 2188 462 2224 Genuam
480 2188 577 2231 petiit
597 2186 783 2232 fenoglius
806 2185 1015 2229 jurisperitos
1034 2185 1096 2220 hac
1121 2184 1164 2220 de
1187 2198 1222 2220 re
1247 2186 1481 2228 consulturus,
1506 2187 1564 2232 qui
1583 2185 1822 2230 responderunt

353 2232 499 2277 spolium
518 2234 559 2267 ab
576 2234 741 2280 Episcopo
753 2232 962 2268 commissum
989 2232 1052 2268 esse
1068 2259 1078 2272 ‚
1101 2233 1258 2269 censuras
1285 2233 1420 2277 injustas
1433 2261 1442 2274 ,
1467 2231 1643 2279 nullasque
1657 2230 1707 2266 uti
1733 2230 1816 2267 latas

353 2279 429 2327 post
457 2280 723 2325 appellationem
738 2306 747 2320 ‚
771 2280 913 2326 ideoque
927 2279 1063 2327 impune
1082 2279 1194 2326 sperni
1207 2279 1303 2328 poffe
1329 2304 1340 2314 .
1365 2281 1509 2316 Patriam
1537 2279 1652 2325 itaque
1672 2288 1821 2323 repetens

352 2325 710 2371 FenogliusSac.affuit
722 2326 827 2362 sernel
841 2338 899 2362 aut
908 2327 1218 2374 vis‚nonnullosque
1231 2325 1612 2372 nobilesfflaniciosque
1624 2324 1819 2360 Genuenses

350 2375 537 2413 convenit3
561 2374 713 2409 monitus
728 2373 802 2408 inde
817 2374 928 2409 literis
943 2374 1051 2410 Roma
1063 2375 1210 2419 acceptis
1227 2400 1236 2413 ‚
1262 2374 1427 2409 Censuras
1457 2373 1563 2408 nullas
1587 2373 1668 2407 licet
1695 2398 1705 2412 ,
1729 2372 1819 2414 inju.

352 2421 479 2468 stasque
495 2421 661 2456 timendas
676 2420 739 2457 esse
750 2446 760 2459 ‚
785 2432 802 2454 a
816 2421 973 2456 Civitate
989 2420 1127 2456 recessit
1140 2445 1151 2459 ,
1164 2421 1336 2466 Sacrisque
1353 2420 1526 2456 audiendis
1540 2418 1716 2457 abstinuit3
1734 2420 1818 2454 Pre-

352 2480 407 2503 ces
422 2468 496 2503 inde
509 2468 641 2504 obtulit
655 2468 755 2503 Sacro
771 2467 849 2503 huic
862 2467 1042 2503 Tribunali
1058 2491 1069 2506 ,
1092 2468 1212 2513 quibus
1224 2479 1293 2502 rem
1307 2479 1442 2502 omnem
1468 2466 1651 2512 diligenter
1666 2491 1676 2505 ,
1703 2466 1818 2501 nihil-

354 2527 422 2560 que
449 2515 661 2552 dissimulans
684 2515 863 2551 narravit.
891 2514 1154 2550 Absolutionem
1178 2514 1384 2552 indulserunt
1412 2512 1674 2548 Eminentissimi
1699 2513 1816 2549 Patres

353 2573 431 2595 cum
444 2561 665 2597 reincidentia
687 2563 762 2609 post
782 2562 850 2596 sres
876 2561 1023 2600 menses,
1046 2562 1079 2596 &
1105 2561 1251 2606 Epistola
1270 2561 1309 2594 ad
1334 2560 1535 2608 Episcopum
1555 2561 1632 2594 data
1661 2559 1750 2600 fuit,
1777 2569 1815 2595 ut

354 2618 425 2642 rem
449 2618 583 2644 omnem
611 2610 774 2649 referret,
801 2611 831 2643 ἃ
859 2608 991 2645 causam
1014 2607 1159 2655 aperiret
1187 2607 1403 2655 suspensionis
1427 2607 1605 2643 Oratorii.
1630 2606 1817 2652 Respondit

354 2652 534 2698 Episcopus
549 2681 559 2693 ‚
583 2667 645 2689 nec
659 2666 768 2691 tamen
793 2656 903 2691 causas
919 2665 1035 2701 aperte
1057 2652 1181 2694 refer't;
1206 2665 1368 2700 quantum
1381 2665 1464 2690 vero
1482 2666 1523 2690 ex
1539 2655 1588 2689 liis
1602 2663 1675 2700 quae
1688 2655 1789 2689 habet
1804 2678 1815 2693 ‚

352 2700 507 2745 cognosci
522 2702 625 2746 potest
638 2713 702 2737 tres
721 2704 796 2736 sunt
813 2729 823 2742 ,
855 2703 921 2736 loci
938 2701 1137 2748 ignobilitas
1150 2728 1160 2741 ,
1187 2701 1291 2740 vilis,
1313 2701 1344 2736 δι
1358 2700 1485 2736 sordida
1499 2713 1702 2737 mercatura.
1714 2713 1814 2750 quam

352 2747 504 2783 exerceri
516 2748 597 2783 dicit
614 2749 800 2795 Fenoglio,
817 2750 896 2784 duas
915 2747 1060 2785 familias
1073 2748 1292 2788 Galeaniam,
1321 2749 1351 2783 &
1369 2749 1566 2795 Fenogliam
1585 2748 1644 2784 sibi
1660 2747 1814 2829 inpensas

1673 2808 1689 2830 e
1704 2806 1734 2830 ie
1759 2819 1776 2835 ⁸
