1883 2907
370 129 425 204 ιςῃῖ)
445 167 525 201 huic
554 161 679 198 Ordini
693 188 702 202 ‚
726 158 886 196 mandata
911 158 976 194 suit
995 157 1186 201 jurisdifflo
1212 155 1376 205 Episcopo
1401 157 1637 204 Cephaludae,
1658 167 1698 195 ut
1718 170 1795 205 pto·

368 214 471 250 cessus
496 209 674 254 judicialis
702 208 940 247 instrueretur,
967 206 1082 241 audito
1096 205 1255 242 l'raefecto
1272 206 1475 241 Monailerii
1490 232 1498 241 .
1524 207 1651 242 Munus
1670 208 1792 252 imple-

366 263 417 297 vit
431 260 616 308 Episcopus
630 284 640 298 ‚
664 258 722 303 qui
748 257 843 292 binas
859 259 962 292 etiam
975 253 1018 290 ad
1032 252 1315 288 Eminentiflimos
1342 254 1460 290 Patres
1487 253 1580 288 dedit
1601 254 1627 289 E
1656 253 1791 291 istolasz

368 309 530 355 Qatuor
545 307 619 342 sunt
638 303 760 339 Testes
782 303 815 338 in
842 304 905 339 hoc
932 299 1105 349 processu,
1129 312 1211 347 quos
1231 303 1322 338 inter
1343 301 1388 336 est
1406 300 1607 338 Vincentius
1642 300 1790 338 ‘eracius

367 357 492 392 Pater:
516 355 649 390 Horum
676 352 773 387 dictis
797 351 905 394 probe
931 347 1099 397 perpensis
1116 376 1124 385 .
1151 348 1417 395 respondendum
1434 349 1480 385 est
1496 375 1504 384 .

322 404 433 447 „insit
445 406 538 440 locus
557 400 775 448 Rellittttioni
800 401 833 433 in
851 402 1024 444 integrum
1047 397 1082 430 in
1097 397 1176 438 cafit
1201 402 1277 433 &a

418 503 540 539 Dilata
562 525 572 538 ‚
605 500 636 534 &
664 498 795 533 Orator
813 496 970 541 subjiciat
990 495 1023 533 se
1049 495 1198 532 examini
1225 494 1361 531 formali
1387 522 1397 537 ‚
1419 497 1451 532 &
1479 495 1603 532 scribat
1636 495 1792 533 defensor

321 550 531 602 prosessionis
550 572 560 584 .
1777 570 1780 574 ¹

585 683 707 754 Die
731 682 1013 750 Sabbathi
1038 687 1136 750 28.
1159 682 1307 750 Maii
1338 692 1518 764 1746.

657 1109 746 1143 riam
760 1105 1048 1151 Ampliffimorum
1067 1107 1204 1142 Patrum
1221 1108 1378 1142 revocari
1393 1106 1491 1152 poflit
1506 1133 1516 1145 ‚
1542 1108 1727 1152 repetenda
1740 1104 1786 1142 est

370 1167 413 1192 ex
431 1155 536 1192 Folio
549 1155 834 1202 Congregationis
859 1153 984 1189 habitae
1007 1153 1068 1190 diae
1081 1165 1137 1195 24.
1152 1153 1295 1201 Augusti
1308 1156 1387 1191 anni
1416 1162 1512 1194 1743.
1531 1165 1596 1199 qua
1622 1153 1683 1188 die
1698 1164 1785 1188 con·

370 1202 541 1239 troverfiae
556 1202 788 1238 definitionem
805 1200 1000 1246 postulante
1021 1201 1167 1247 josepho
1195 1202 1352 1237 Belluzio
1372 1201 1526 1238 Parocho
1539 1199 1647 1236 Castti
1664 1200 1784 1235 Carti-

371 1250 440 1287 ceti
456 1277 466 1290 ‚
489 1251 548 1296 qui
562 1249 714 1285 obtinuit
726 1276 737 1289 ‚
749 1252 833 1287 duo,
846 1260 920 1296 quae
935 1249 1123 1294 sequuntur
1136 1275 1146 1288 ,
1166 1249 1283 1285 Dubia
1297 1249 1473 1296 praeposita
1487 1248 1626 1283 fuerunt
1639 1276 1647 1281 .
1674 1247 1702 1282 1.
1729 1248 1786 1281 An

371 1309 489 1332 omnes
507 1295 707 1332 Vifitationi
733 1297 897 1338 subjecti,
924 1297 954 1330 &
977 1296 1146 1342 lignanter
1160 1296 1471 1332 Confraternitates
1486 1324 1496 1336 ,
1521 1305 1657 1329 necnon
1679 1293 1785 1328 Bene·

370 1343 447 1380 sicia
464 1344 652 1390 simplicia,
677 1355 716 1379 ac
741 1344 914 1390 Cappellae
939 1354 1110 1390 perpeture
1136 1344 1336 1391 poflidentes
1361 1345 1396 1379 in
1420 1343 1538 1379 Castro
1551 1341 1720 1377 Carticeti
1735 1349 1786 1375 te-

371 1401 518 1427 neantur
530 1403 592 1437 per
604 1392 840 1428 contributum
853 1391 897 1426 ad
907 1390 1189 1426 procurationem
1203 1391 1239 1426 in
1252 1390 1328 1426 casu
1342 1392 1404 1426 &c.
1458 1391 1503 1426 ll.
1531 1391 1589 1426 An
1604 1389 1786 1439 Plebanus‚

372 1439 431 1486 qui
448 1438 624 1474 substinuit
649 1447 759 1474 totum
775 1439 910 1486 pondus
924 1438 1185 1473 Procurationis
1212 1439 1248 1473 in
1264 1439 1438 1474 retroactis
1451 1435 1718 1472 visitationibus
1746 1433 1785 1470 sit

371 1486 712 1532 proportionabiliter
741 1485 999 1532 reintegrandus
1017 1486 1059 1520 ab
1077 1486 1156 1521 aliis
1175 1485 1330 1522 Visttatis
1353 1484 1389 1520 in
1402 1485 1478 1521 casu
1490 1486 1550 1520 &c.
1577 1480 1782 1528 Responde·

372 1542 451 1568 runt
482 1542 595 1568 autem
607 1533 867 1568 Eminentissimi
887 1537 1002 1567 Patres
1017 1559 1026 1568 .
1075 1534 1131 1568 Ad
1145 1535 1296 1581 primum
1310 1559 1320 1572 ,
1338 1532 1538 1567 affirmative
1554 1559 1561 1567 .
1584 1528 1640 1564 Ad
1663 1529 1785 1565 secun-

373 1581 451 1614 dum
466 1607 475 1620 ,
497 1580 696 1616 affirmative
721 1592 782 1625 pro
800 1580 1097 1616 procurationibus
1123 1581 1276 1627 praestitis
1290 1583 1330 1615 ab
1344 1592 1433 1615 anno
1460 1588 1558 1626 1735.
1573 1576 1681 1628 citra:
1708 1575 1782 1611 Re-

373 1637 514 1662 vocatur
552 1640 642 1663 nunc
681 1627 726 1662 ad
746 1640 815 1663 nov
825 1639 881 1663 um
904 1639 1044 1663 examen
1074 1630 1143 1664 haec
1161 1627 1342 1670 definitio,
1371 1636 1408 1663 ut
1426 1625 1636 1674 Ampliffitm
1662 1621 1782 1659 Patres

375 1673 573 1720 respondere
595 1675 730 1720 poffint.

326 1727 383 1757 An
398 1720 443 1764 fit
453 1722 605 1764 standum
620 1748 631 1765 ‚
656 1723 715 1757 ‘vel
744 1724 961 1758 recedendum
988 1734 1008 1756 a
1024 1722 1138 1766 decisis
1166 1725 1201 1758 in
1218 1724 1292 1766 czfic
1306 1727 1380 1759 &n
1427 1733 1431 1735 ’

420 1820 553 1856 Praevio
579 1820 705 1872 recessu
725 1819 873 1855 adecisis
887 1820 923 1857 in
937 1810 1015 1854 casu
1040 1819 1080 1854 de
1105 1833 1170 1867 quo
1194 1820 1307 1870 agitur
1323 1849 1333 1864 ‚
1358 1820 1672 1859 Confraternitates
1691 1832 1781 1859 cotn-

326 1878 480 1914 parentes
500 1879 568 1904 non
588 1878 696 1904 teneri
710 1894 719 1905 .

105 2006 293 2046 ἅμερα.
429 2002 670 2040 OLETANA
695 2002 880 2044 JURJUM
904 2001 1291 2055 PAROCHIALIUM
1316 2031 1324 2043 ‚
1343 2004 1444 2039 SIVE
1461 2003 1777 2056 HOSPITALis,

85 2050 119 2079 de
134 2046 216 2087 Πίον·
440 2053 463 2085 Ε
476 2052 502 2085 Γ
517 2049 915 2087 PRIVILEGIORUM
930 2076 939 2085 .
962 2051 1093 2086 Pluries
1118 2052 1284 2098 proposita
1299 2053 1366 2088 haec
1380 2053 1475 2087 causa
1489 2079 1499 2093 ,
1525 2050 1668 2086 definita
1698 2061 1777 2087 tan-

375 2098 448 2132 dem
466 2098 532 2135 fuit
557 2099 593 2133 in
618 2108 886 2146 congregatione
912 2099 1026 2133 habita
1042 2098 1096 2133 die
1112 2108 1167 2133 20.
1181 2100 1392 2135 Novembris
1418 2111 1513 2142 1745.
1547 2099 1631 2136 Vll,
1657 2100 1782 2146 quibus

372 2147 662 2191 complectebatur
677 2173 687 2186 ‚
715 2145 840 2192 Capita
855 2170 864 2185 ‚
887 2156 1007 2190 nempe
1036 2148 1059 2181 Ι.
1084 2148 1142 2180 Au
1155 2158 1209 2182 ere
1245 2148 1278 2182 io
1303 2147 1489 2193 Hospitalis
1513 2144 1651 2182 &Petri
1675 2144 1780 2180 Villae

372 2191 510 2226 Matriti
535 2195 591 2228 sub
606 2193 758 2228 instituto
775 2193 862 2227 Ven·
880 2192 1164 2241 congregationis
1186 2194 1219 2229 R
1257 2222 1265 2230 .
1279 2194 1494 2231 Sacerdotum
1509 2194 1547 2229 sit
1561 2191 1774 2228 confirman-

372 2241 411 2273 da
429 2264 438 2278 ,
464 2240 521 2274 vel
547 2241 661 2285 potius
688 2240 726 2275 fit
752 2242 848 2276 locus
874 2240 968 2275 illius
995 2241 1236 2287 suppreflioni,
1264 2242 1296 2276 &
1323 2240 1520 2288 quomodo.z
1546 2247 1591 2274 Et
1607 2248 1777 2285 quatenus

372 2287 578 2330 affirmative
603 2290 711 2333 qaeoad
725 2292 876 2333 primam
894 2296 1030 2334 partem
1045 2317 1053 2323 .
1103 2288 1149 2323 H.
1177 2291 1231 2323 An
1248 2289 1498 2323 concedendum
1522 2285 1561 2321 stt
1575 2284 1776 2330 Hospitali‚

373 2334 403 2368 ὃ(
428 2333 700 2381 Congregationi
721 2334 1000 2380 Presbyterorum
1020 2335 1054 2370 S.
1072 2335 1162 2369 Petri
1178 2336 1281 2370 Villae
1309 2335 1448 2370 Matriti
1471 2334 1640 2369 indultum
1665 2333 1777 2367 admi-

374 2380 533 2416 nistrandi
548 2383 766 2416 Sacramenta
790 2382 999 2426 paenitentite
1014 2408 1024 2422 ,
1049 2381 1257 2417 Sanctiffimae
1273 2381 1484 2416 Eucharistiae
1498 2381 1601 2417 etiam
1614 2389 1672 2426 per
1684 2379 1778 2414 Via-

373 2427 480 2463 ticum
501 2454 511 2468 ,
538 2428 712 2464 retinendi
736 2426 852 2462 oleum
887 2427 1058 2466 fandum,
1084 2428 1233 2476 illudque
1259 2428 1509 2464 administrandi
1539 2426 1776 2462 Sacerdotibus

375 2474 518 2512 infirmis
539 2475 574 2511 in
588 2474 710 2510 eodem
730 2474 905 2519 Hospitali
916 2474 1179 2521 independenter
1209 2488 1226 2510 a
1237 2476 1357 2520 quovis
1370 2474 1527 2511 Parocho
1540 2475 1646 2509 etiam
1664 2473 1697 2507 S.
1712 2474 1776 2508 Se-

374 2521 542 2557 bastiani3
564 2522 615 2557 111
630 2525 689 2558 An
706 2522 763 2558 sub
787 2523 904 2559 eodem
926 2523 1057 2558 indulto
1067 2523 1367 2568 comprehendendi
1385 2521 1445 2558 sint
1458 2520 1622 2560 ministri,
1635 2521 1692 2556 seu
1705 2521 1778 2556 ser-
1810 2561 1813 2569 Ι

374 2566 511 2603 vientes
525 2595 534 2606 ‚
553 2570 583 2604 &
607 2570 761 2605 familiae
777 2570 852 2604 dieti
870 2570 1058 2615 Hospitalis
1078 2570 1239 2617 degentes
1256 2580 1369 2605 tamen
1393 2569 1484 2605 intra
1512 2569 1603 2614 septa
1626 2567 1776 2610 eiusdem

379 2613 566 2659 Hospitalis
580 2641 589 2653 ‚
620 2617 651 2650 &
670 2616 822 2652 Ecelefix
836 2629 909 2651 cum
921 2619 1040 2652 eadem
1055 2617 1319 2663 independentia
1334 2616 1480 2652 Parochi
1494 2643 1504 2656 ,
1531 2615 1594 2653 sive
1607 2614 1779 2651 Parocho-
1790 2638 1805 2650 s

376 2671 472 2694 rum·
497 2660 561 2696 lV.
592 2664 649 2696 An
680 2666 930 2699 concedendum
965 2664 1003 2698 sit
1026 2664 1194 2699 indultum
1215 2663 1466 2699 administrandi
1491 2666 1777 2700 Sacramentum.»

377 2705 590 2744 Eucharistix:
618 2720 676 2752 pro
687 2709 914 2746 satisfaGione
930 2712 1087 2757 praecepti
1100 2711 1268 2748 Paschalis
1283 2737 1292 2750 ‚
1305 2720 1373 2747 tam
1387 2711 1623 2747 Sacerdotibus
1637 2737 1648 2752 ‚
1661 2719 1774 2790 {eduam

1707 2766 1777 2789 im-
