1874 2961
55 157 205 205 egredi,
220 166 335 205 neque
351 155 442 191 alius
457 152 636 202 quispiam
651 163 696 189 eo
710 150 852 198 ingredi
872 148 988 197 possit,
1004 148 1064 185 nisi
1079 149 1266 199 postquam
1284 152 1414 203 scripta
1437 112 1521 191 con5-

48 208 202 247 fecerint
217 235 228 251 ‚
258 209 294 244 St
311 206 538 247 exhibuerint
552 233 561 242 .

100 260 282 308 Quintum
298 287 309 301 ,
327 269 367 297 ut
380 269 501 297 ornnes
525 256 585 292 sua
599 255 749 305 quisque
761 267 868 292 manu
899 264 974 291 turn
1003 252 1167 300 responsa
1183 279 1195 296 ‚
1228 263 1303 290 turn
1329 256 1522 293 sermonem

51 312 202 353 scribant
217 339 228 355 ‚
249 301 536 357 subscribantflue
553 337 562 345 .
693 308 696 309 ⁷

105 364 254 402 Sextum
271 389 282 407 ,
300 372 340 401 ut
353 361 514 408 responsa
524 360 669 409 quidem
685 358 799 397 latine
811 385 823 404 ,
841 358 952 396 sermo
966 365 1086 394 autem
1106 367 1168 401 ea,
1186 369 1258 407 qua
1276 357 1320 394 ad
1339 359 1521 407 populum

58 416 183 453 haberi
201 414 287 449 solet
301 441 312 457 ,
341 413 463 460 lingua
479 411 652 449 scribatur
667 439 675 448 .

108 465 351 506 Postremum,
375 475 415 500 ut
433 463 713 512 unumquodque
730 461 928 512 responsum
943 489 955 506 ,
976 460 1011 498 &
1029 460 1271 509 unusquisque
1296 461 1421 505 sermo,
1442 473 1524 498 cum

53 518 98 557 ab
115 529 338 566 unoquoque
355 516 662 555 Concurrentium
674 514 908 551 exhibebitur
922 540 933 556 ‚
964 525 1031 549 non
1050 512 1164 548 solum
1187 513 1232 548 ab
1248 525 1292 548 eo
1309 539 1321 556 ‚
1351 517 1413 560 qui
1442 513 1527 548 scri-

54 569 121 618 pfit
136 598 148 614 ‚
180 579 326 617 atquea
340 567 570 605 Cancellario
587 565 778 603 concursus
792 593 802 609 ,
837 578 957 603 verum
975 566 1082 601 etiarn
1098 564 1144 599 ab
1168 565 1488 602 examinatoribus
1508 590 1521 607 ‚

52 623 90 659 &
105 622 150 660 ab
165 620 360 657 Ordinatio
377 646 388 662 ,
414 619 469 657 vel
485 619 561 662 ejus
580 618 732 656 vicario
745 644 755 661 ‚
782 620 847 669 qui
865 617 1056 655 concursui
1080 616 1310 654 interfuerint
1328 643 1339 661 ,
1368 616 1525 654 subieri-

52 675 162 714 batur
175 701 185 713 .

108 721 460 762 Ρεταξὶοΐεειιηᾰυπι
476 721 567 758 hanc
583 720 772 758 formulam
787 722 962 759 concursu
977 748 988 764 ‚
1018 722 1228 770 collataque
1245 721 1306 763 ei,
1323 722 1386 769 qui
1404 721 1525 767 magis

58 779 207 816 idoneus
223 802 234 819 ‚
263 786 306 811 ac
321 772 667 821 digniorjudicatus
682 773 792 809 fuerit
808 801 819 818 ,
847 772 1006 810 Ecclesia
1031 773 1233 812 Paroehiali
1252 785 1362 815 ‚-non
1394 771 1526 808 admit-

55 837 147 866 tatur
161 825 360 875 appellatio
373 851 384 867 ,
415 833 477 860 aut
493 836 513 861 a
529 824 624 860 mala
640 826 815 863 relatione
833 827 1119 865 examinatorum
1137 852 1148 867 ‚
1176 833 1239 860 aut
1268 823 1314 858 ab
1329 824 1521 861 irrationa-

57 879 123 917 bili
134 878 276 927 Judicio
295 875 484 924 Episcopi,
503 876 565 912 nisi
582 879 676 913 intra
691 876 813 926 decem
830 877 905 914 dies
920 890 938 914 a
953 876 1012 913 die
1029 875 1240 914 collationis
1258 874 1525 922 interponatur.

104 929 143 966 Si
160 930 242 978 quis
258 936 374 964 autem
386 928 456 963 hoc
474 927 567 966 intra
587 929 741 975 spatium
759 930 1002 977 appellaverit
1017 955 1027 971 ‚
1047 928 1194 976 att-'taque
1210 927 1404 963 concursus
1420 935 1525 972 petat

54 981 277 1030 adJudicem
294 979 551 1029 appellationis
566 979 837 1027 transferenda3
869 983 1059 1018 mittantur
1077 1007 1087 1023 ,
1118 979 1174 1019 vel
1190 977 1270 1014 aaa
1301 978 1376 1025 ipsa
1406 978 1527 1024 origi-

54 1030 351 1072 naliaconcursus
366 1030 486 1067 clausa
503 1057 514 1074 ‚
544 1033 578 1068 8<
595 1030 777 1078 obfignata
793 1060 804 1076 ,
837 1034 893 1071 vel
909 1041 1004 1068 certe
1023 1043 1130 1067 unum
1165 1028 1314 1079 aliquod
1345 1028 1529 1066 authenti-

50 1097 132 1122 cum
145 1095 272 1121 eorum
285 1083 485 1128 exemplum
501 1108 513 1125 ‚
548 1096 567 1121 a
583 1083 817 1120 Cancellario
832 1083 1028 1122 concursus
1042 1111 1053 1126 ‚
1085 1092 1195 1131 atque
1226 1081 1342 1116 altero
1360 1081 1523 1120 Notario

50 1136 224 1172 collatum
240 1160 253 1178 ‚
284 1135 319 1170 ὅ(
334 1134 557 1171 ausculatum
576 1147 697 1170 coram
715 1136 868 1173 Vicario
884 1164 895 1179 ‚
930 1135 987 1172 vel
1005 1135 1079 1171 alio
1095 1135 1129 1172 in
1147 1131 1391 1172 Ecclefiastica
1408 1131 1528 1178 digni-

48 1197 126 1227 tate
138 1185 335 1226 constituto
350 1212 362 1228 ‚
399 1198 506 1234 quem
522 1187 637 1232 eligat
650 1186 868 1226 Ordinarius
884 1215 893 1231 ‚
924 1188 968 1222 ad
987 1198 1094 1237 quem
1110 1187 1218 1222 etiam
1236 1182 1391 1221 Notarii
1421 1184 1525 1220 Can-

49 1239 199 1276 cellario
217 1237 433 1285 adjungendi
447 1236 580 1275 ele6kio
601 1239 797 1284 pertinebit
809 1268 819 1284 ,
839 1250 979 1276 necnon
997 1239 1042 1274 ab
1065 1234 1384 1275 Examinatoribus
1399 1233 1522 1288 Syno-

49 1290 194 1330 dalibus
209 1318 220 1334 ‚
245 1290 312 1338 qui
326 1288 516 1327 concursui
531 1289 771 1327 interfuerunt
787 1318 798 1335 ‚
829 1290 1068 1338 subscriptum
1083 1315 1094 1326 .

102 1341 157 1378 Ex
171 1339 306 1393 quibus
323 1339 414 1376 actis
431 1366 442 1383 ‚
472 1340 528 1377 vel
545 1340 755 1377 authentica
771 1354 896 1380 eorurn
910 1342 1075 1388 exemplo
1099 1339 1160 1376 nisi
1183 1350 1374 1386 gravamen
1401 1338 1526 1387 quoad

49 1392 255 1430 doftrinam
272 1391 398 1439 probet
411 1393 440 1427 is
453 1418 464 1434 ‚
495 1393 558 1439 qui
575 1391 621 1428 fic
634 1418 645 1434 ‚
679 1402 720 1430 ut
736 1394 964 1441 praemittitur
979 1419 989 1426 .
1017 1394 1240 1430 examinatus
1255 1416 1266 1433 ‚
1297 1400 1360 1425 aut
1394 1401 1413 1425 a
1429 1389 1524 1426 mala.

51 1446 229 1485 relatione
247 1443 546 1480 Examinatorum
563 1470 573 1486 ‚
601 1452 664 1479 aut
680 1445 725 1478 ab
742 1443 1140 1491 irrationabilijudicio
1157 1441 1333 1489 Episcopi
1352 1441 1519 1488 appella-

49 1498 147 1534 verit
162 1525 174 1541 ,
200 1507 334 1536 novum
349 1494 394 1532 ad
409 1505 558 1532 examen
576 1497 800 1544 provocandi
814 1496 1026 1536 facultatem
1044 1509 1062 1532 a
1077 1495 1160 1532 sac.
1178 1494 1368 1540 congreg.
1386 1489 1517 1529 frustra

51 1547 252 1597 postulabit
265 1576 274 1589 .
631 1584 633 1586 .

107 1598 427 1652 Qmadmodum
441 1626 452 1642 ‚
485 1601 517 1639 8<
539 1597 727 1646 injudicio
746 1603 1007 1650 appellationis
1025 1596 1260 1647 persequijus
1283 1595 1379 1633 suum
1393 1592 1524 1635 frustra

53 1652 213 1692 tentabit
230 1653 261 1688 is
276 1678 287 1695 ‚
302 1651 365 1699 qui
380 1650 476 1687 forte
493 1651 525 1687 se
541 1659 732 1697 gravatum
752 1653 878 1690 doleat
890 1652 1011 1702 quoad
1028 1652 1168 1699 reliqua
1181 1676 1192 1692 ,
1210 1646 1270 1682 nisi
1284 1675 1295 1691 ‚
1313 1644 1523 1693 interposita.

52 1714 190 1743 mature
208 1729 218 1745 ‚
243 1712 284 1739 ut
298 1701 437 1741 distum
453 1702 520 1745 est,
553 1702 796 1751 appellatione
812 1706 857 1744 ab
877 1703 1119 1741 irrationabili
1146 1701 1286 1750 judicio
1314 1697 1486 1744 Episcopi
1504 1725 1518 1741 ,

51 1766 244 1804 gravamen
256 1753 377 1802 quoad
391 1754 454 1789 illa
470 1751 662 1790 ostenderit
676 1780 689 1799 ‚
720 1758 777 1792 vel
793 1767 837 1793 ex
852 1756 946 1792 aeris
963 1755 1069 1804 primi
1085 1751 1279 1790 concursus
1295 1776 1306 1792 ‚
1318 1748 1379 1784 vvel
1395 1748 1520 1785 saltem

55 1818 101 1844 ex
115 1804 405 1846 attestationibus
418 1832 429 1848 ,
462 1805 498 1841 &
515 1806 742 1847 documentis
755 1806 1091 1857 extrajudicialibus
1122 1804 1230 1840 etiarn
1245 1828 1257 1850 ,
1283 1799 1342 1837 sed
1372 1811 1443 1839 non
1473 1803 1523 1839 le-

54 1859 165 1898 vibus
185 1885 196 1897 .

105 1912 232 1960 Atque
254 1909 306 1946 ita
320 1908 465 1957 quidem
487 1907 587 1945 sensit
601 1911 639 1948 S.
657 1909 796 1956 Congr.
813 1912 849 1948 8<
866 1909 1109 1947 Sanfkissimus
1126 1904 1259 1942 affenfit
1275 1932 1285 1944 .
1320 1903 1373 1941 At
1389 1903 1414 1939 fi
1441 1905 1525 1953 quis

52 1970 172 1999 tamen
199 1959 477 1998 Ordinatiorum
508 1960 614 1997 aliter
627 1989 637 2005 ‚
669 1974 712 1998 ac
746 1962 854 2010 supra
881 1962 1100 2008 descriptum
1115 1956 1164 1995 est
1180 1985 1192 2001 ‚
1221 1957 1517 1993 concurrentium

55 2014 218 2049 examina
232 2010 416 2048 instituere
433 2014 637 2059 perrexerit
653 2022 792 2061 perget,
809 2015 845 2050 &
857 2013 896 2054 S;
915 2013 992 2062 ipsa
1008 2013 1152 2058 Congr.
1168 2020 1266 2046 more
1286 2005 1435 2053 pristino
1454 2019 1524 2054 ap-

53 2063 278 2111 pellantibus
296 2089 308 2104 ‚
321 2064 383 2111 qui
413 2062 445 2100 se
473 2074 646 2109 gravatos
673 2065 832 2103 dixerint
847 2095 857 2110 ‚
892 2064 1191 2112 provocationem
1221 2059 1265 2096 ad
1282 2070 1412 2096 novum
1435 2070 1527 2096 exa·

54 2128 130 2153 men
149 2143 159 2159 2
192 2114 292 2152 nulla
306 2114 525 2161 gravaminis
541 2119 672 2163 praevia
691 2111 910 2162 probatione
929 2144 939 2160 ‚
962 2116 1150 2160 indulgere
1166 2142 1175 2152 .
1203 2112 1345 2147 Interim
1372 2119 1489 2148 tamen
1504 2136 1517 2155 ,

52 2179 96 2203 ne
115 2168 240 2206 harum
254 2167 441 2205 literarum
457 2169 630 2204 memoria
644 2167 822 2206 dilabatur
838 2197 849 2212 ‚
879 2171 957 2206 vult
971 2167 1095 2204 eadem
1111 2164 1345 2210 S.Congreg.
1364 2189 1375 2205 ‚
1400 2173 1462 2198 eas
1482 2162 1518 2199 in

56 2216 331 2268 uniuscujusque
346 2216 538 2253 Ordinarii
551 2220 781 2257 Cancellaria
797 2230 977 2268 perpetuo
990 2216 1193 2255 conservari
1213 2243 1223 2253 .
1240 2215 1357 2262 Cujus
1382 2213 1521 2251 interea

56 2270 241 2306 consilium
256 2296 268 2312 ‚
293 2278 370 2307 tum
401 2269 623 2306 voluntatem
651 2271 733 2308 dum
760 2283 828 2319 ego
855 2269 1022 2309 omnibus
1048 2266 1207 2317 fignifico
1224 2294 1236 2313 ‚
1265 2263 1516 2314 Amplitudini

59 2322 146 2362 Tuae
161 2321 274 2359 fausta
288 2323 408 2359 omnia
424 2332 443 2356 e
463 2320 574 2357 Coelo
588 2334 717 2370 precor
731 2352 740 2361 .

111 2375 238 2412 Romae
253 2373 318 2410 hac
331 2371 391 2410 die
408 2384 464 2411 10.
475 2375 635 2424 Januarii
658 2385 746 2424 1721
759 2402 769 2414 .

281 2476 551 2526 Amplitudinis
564 2477 653 2517 Tuae
670 2506 680 2518 .

810 2528 878 2565 Uti
892 2528 1018 2566 Frater

688 2579 731 2621 P.
747 2578 802 2620 Μ.
830 2579 947 2620 Card.
964 2577 1193 2618 Corradinus
1210 2573 1397 2613 Praefeetus
1411 2576 1426 2615 ,¹

1052 2629 1094 2669 P,
1111 2627 1367 2667 Lambertinus
1382 2625 1521 2667 Secret.

1334 2728 1527 2782 Quantum
