1883 2907
351 88 666 173 SZCoi-»sultissimae
682 124 887 168 huiusmodi
902 124 1004 169 leges
1020 135 1100 161 eum
1116 125 1149 159 in
1169 123 1272 163 finem
1292 120 1462 158 institutae
1474 147 1489 168 ,
1504 131 1548 161 ne
1561 121 1600 158 in
1622 124 1714 161 tanti
1729 138 1808 164 mo-

349 187 456 227 menti
473 196 507 219 re
526 180 683 233 imperiti
700 175 879 223 magistris
894 201 905 217 ‚
934 175 1017 211 novi
1034 174 1194 224 antiquis
1208 202 1219 218 ‚
1249 173 1356 211 rudes
1372 172 1602 221 praeferantur
1617 178 1775 215 emeritis
1789 207 1801 223 ,

351 237 492 275 violatae
504 234 579 270 sunt
589 231 768 266 hominurn
783 226 907 264 fraude
923 252 935 268 ‚
967 226 1001 261 8(
1020 226 1158 262 malitia
1175 253 1186 269 ,
1207 227 1282 273 ipsa
1297 225 1433 261 medela
1450 225 1576 263 vulnus
1590 227 1806 275 exasperan-

351 291 438 325 tium
458 315 466 323 .
493 281 680 332 Saepiffime
695 282 786 316 enim
804 276 927 325 reje6ti
945 275 989 313 ab
1006 277 1204 314 Ordinatio
1223 277 1326 314 dietae
1343 276 1628 315 Constitutionis
1655 281 1808 318 obtentu

351 343 384 376 in
402 350 525 375 vocem
542 339 571 371 A
583 333 814 382 ppellationis
831 329 936 365 facile
951 340 1185 376 prorumpere
1204 355 1214 370 ‚
1234 329 1268 364 &
1286 331 1400 366 minus
1416 330 1579 376 legitima
1590 341 1805 370 concurren-

351 389 505 427 tecausa
520 385 653 422 electus
672 384 716 419 ab
736 382 918 429 Episcopo
934 379 977 414 ad
993 390 1125 415 novum
1140 391 1284 420 examen
1304 378 1504 429 provocare
1516 382 1775 420 consueverant
1791 397 1806 430 ς

350 441 498 488 illosque
518 446 682 484 praeterea
695 434 817 469 relicti
833 432 971 477 Gregis
986 458 997 473 ‚
1028 432 1062 466 8(
1088 430 1248 470 Ecclefiae
1264 430 1426 470 custodia
1452 435 1599 483 longum
1631 434 1701 469 iter
1722 434 1809 472 arri·

351 504 431 545 pere
447 518 457 534 ‚
489 491 523 526 8(
541 486 698 525 diuturni
715 483 851 519 laboris
869 510 880 526 ‚
907 483 1083 528 temporis
1100 510 1111 526 ‚
1139 483 1173 518 8(
1193 484 1351 529 pecuniae
1368 485 1524 532 impensa
1538 482 1727 521 exhaustos
1741 512 1752 529 ‚
1767 485 1809 521 li-

348 554 418 579 tem
436 544 469 577 in
488 538 632 576 secunda
650 563 662 580 ‚
692 536 728 577 δ(
745 536 851 572 tertia
867 560 879 582 ‚
909 535 944 570 8:
958 535 1125 575 ulteriori
1140 536 1360 586 quandoque
1377 535 1543 577 instantia
1563 534 1728 575 sustinere
1743 549 1807 575 co-

348 594 478 641 gebant
491 618 501 629 .

398 645 497 693 Qin
514 643 619 679 etiam
634 638 853 687 experientia
869 646 1093 685 compertum
1115 637 1165 674 est
1180 667 1191 682 ,
1219 638 1508 688 magnojustitiae
1529 638 1745 676 detrimento
1761 641 1808 676 li-

348 706 416 732 tem
432 695 540 744 ipsam
555 693 691 728 absolvi
710 719 719 728 .
750 689 1057 741 Qandoquidem
1075 691 1101 725 ii
1117 715 1127 731 ‚
1148 692 1377 741 quiexamini
1391 692 1424 728 se
1438 691 1679 734 subjecerant,
1703 699 1811 740 atque

346 750 381 782 in
397 747 566 793 primaevo
582 741 753 780 concursu
767 750 895 788 utpote
913 740 1160 788 legitimarum
1180 742 1442 779 institutionum
1457 743 1563 779 nescii
1593 741 1718 789 rejecti
1735 741 1812 780 fue·

350 806 429 834 rant
443 824 454 840 ‚
482 798 590 843 longa
603 792 825 844 postmodum
842 793 1052 829 decurrente
1073 794 1136 829 lite
1152 819 1163 835 ‚
1193 794 1349 830 sedulam
1366 795 1480 831 literis
1495 804 1539 830 ex
1555 791 1727 831 industria
1753 807 1812 833 na-

344 858 466 886 vantes
478 860 622 899 operam
639 874 650 891 ,
685 844 841 893 praeferri
858 844 939 880 aliis
955 847 1183 880 merebantur
1198 872 1208 888 ,
1241 846 1275 882 &
1295 847 1423 882 acerbe
1450 844 1699 882 succensebant
1719 845 1811 894 Epi-

347 899 458 948 scopo
475 928 485 943 ‚
508 899 624 948 judici
638 897 779 947 quidem
795 896 956 944 adeptae,
988 907 1063 933 non
1078 905 1199 938 autem
1217 896 1451 946 adipiscendae
1468 897 1608 945 peritiae
1623 921 1634 939 ,
1664 909 1728 945 per
1757 899 1808 935 in-

343 951 472 996 iuriam
490 951 521 987 se
540 950 639 986 fuisse
655 947 810 996 rejeftos
828 973 840 989 ,
1282 949 1284 953 ’

400 1005 496 1039 Hinc
510 1001 603 1049 apud
621 1002 708 1037 bene
719 1007 881 1042 moratos
897 999 1058 1037 homines
1072 1026 1083 1043 ,
1115 1000 1149 1038 8(
1162 998 1306 1048 justitiae
1319 1001 1481 1043 vindices
1495 1027 1507 1044 ‚
1535 1001 1705 1050 frequens
1720 1012 1808 1051 que-

340 1057 497 1095 -relarum
511 1052 648 1090 occasio
660 1079 672 1095 ‚
700 1051 831 1100 quibus
849 1049 1011 1093 sedandis
1038 1063 1118 1091 cum
1136 1053 1392 1100 Congregatio
1420 1053 1580 1093 Concilii
1595 1052 1806 1093 Tridentini

345 1110 520 1156 Interpres
537 1117 642 1141 omne
659 1102 808 1145 studium
827 1129 838 1146 ‚
867 1104 1168 1154 diligentiamque
1184 1104 1386 1148 conferret,-
1415 1105 1536 1149 Nobis
1554 1133 1565 1148 ‚
1600 1106 1665 1154 qui
1680 1104 1808 1142 Secre-

343 1160 428 1198 tarii
444 1169 585 1194 munere
598 1155 836 1202 fungebamur
851 1184 862 1199 ,
889 1155 1094 1192 mandatum
1108 1154 1157 1192 est
1170 1183 1180 1199 ‚
1211 1165 1252 1192 ut
1270 1157 1424 1194 sermone
1439 1184 1450 1200 ‚
1475 1160 1578 1206 typis
1593 1155 1713 1205 postea
1730 1156 1805 1194 vui-

345 1220 435 1259 gato
454 1235 465 1252 ,
492 1221 563 1246 rem
580 1208 701 1244 sedulo
715 1207 922 1254 expendere
937 1234 949 1251 ,
978 1208 1181 1257 ingruentis
1194 1209 1278 1245 mali
1291 1210 1471 1255 originem
1484 1235 1494 1251 ‚
1537 1209 1572 1246 8(
1590 1218 1674 1256 apta
1689 1207 1806 1243 eidem

343 1261 539 1300 'avertendo
555 1259 709 1299 remedia
725 1257 938 1304 investigare
968 1270 1036 1306 pro
1067 1259 1205 1296 viribus
1230 1261 1427 1300 niteremur
1441 1288 1451 1297 .
1482 1259 1610 1301 Sensus
1629 1259 1694 1295 hae
1708 1260 1752 1295 de
1770 1270 1808 1297 re

349 1312 504 1354 Nostros
530 1313 749 1361 explicantes
767 1336 777 1351 ,
810 1311 904 1351 vitio
927 1309 1147 1357 potiffimum
1173 1311 1339 1350 laborare
1372 1314 1638 1359 comperuimus
1671 1311 1808 1358 praxim

345 1365 513 1401 examinis
526 1374 695 1399 oretenus
713 1361 827 1398 habiti
845 1389 856 1405 ‚
888 1374 952 1398 nec
976 1361 1123 1408 scriptis
1150 1363 1351 1410 consignati
1372 1378 1382 1401 ε
1416 1363 1530 1403 Εὶεξὲῐ
1557 1362 1732 1412 siquidem
1760 1360 1808 1400 ad

343 1428 467 1452 curam
483 1417 677 1452 animarum
697 1414 742 1448 ab
756 1412 952 1450 Ordinatio
968 1412 1162 1451 collatore
1179 1440 1190 1457 ‚
1221 1416 1255 1456 &
1273 1416 1314 1451 ad
1333 1417 1502 1454 iteratum
1522 1426 1669 1455 examen
1683 1424 1807 1453 coram

345 1469 421 1504 alio
433 1467 560 1516 judice
575 1465 786 1515 provocati,
814 1469 869 1513 ius
885 1465 1053 1515 legitime
1067 1466 1292 1503 Collationis
1308 1468 1404 1506 tueri
1421 1479 1491 1502 non
1508 1474 1676 1515 poterant
1687 1473 1805 1507 certo,

345 1532 388 1557 ac
403 1519 617 1567 permanenti
634 1515 916 1565 testimoniojam
932 1516 1093 1565 probatae
1108 1517 1323 1555 idoneitatis
1341 1532 1353 1564 3
1382 1517 1439 1555 sed
1468 1529 1486 1554 a
1511 1517 1597 1554 novi
1625 1515 1805 1553 examinis

344 1572 423 1608 alea
437 1598 445 1613 ,
467 1570 643 1606 subeunda
657 1579 776 1604 coram
788 1570 918 1617 Judice
935 1568 1191 1614 appellationis
1208 1568 1389 1616 gestarum
1407 1581 1523 1606 rerum
1541 1567 1809 1616 prorsus'igna-

346 1635 387 1660 10
402 1650 414 1666 ‚
444 1631 521 1657 tota
536 1634 588 1656 res
607 1619 759 1668 pendere
775 1621 966 1663 videbatur
981 1642 993 1652 ·
1022 1617 1208 1670 roirca
1223 1623 1326 1668 gravi
1345 1622 1488 1664 {unitiae
1513 1620 1730 1657 detrimento
1747 1629 1806 1654 re-

346 1684 452 1720 cepta
466 1674 502 1708 in
517 1671 614 1710 Foro
630 1680 704 1708 erat
719 1674 848 1718 opinio
865 1700 876 1716 ‚
892 1674 1087 1720 provocari·
1105 1672 1202 1719 poffe
1220 1674 1263 1709 ad
1282 1673 1389 1709 alium
1403 1673 1580 1722 Judicem‚
1594 1672 1692 1708 nullo
1710 1670 1811 1706 exhi·

347 1726 425 1760 bito
440 1725 608 1761 indebita:
621 1721 828 1771 rejectionis
841 1725 1060 1759 documento
1075 1752 1084 1761 .
1102 1724 1213 1774 Qod
1230 1725 1375 1775 quidem
1391 1736 1472 1763 cum
1492 1736 1511 1759 a
1526 1723 1720 1760 Sacrorum
1733 1719 1806 1759 Ca·

347 1788 479 1814 nonum
495 1776 639 1812 censura
653 1776 800 1821 longius
817 1776 999 1811 aberraret
1014 1801 1025 1817 ‚
1053 1773 1163 1815 facile
1180 1777 1260 1812 huic
1290 1776 1505 1824 corruptelae
1539 1775 1680 1813 occurri
1711 1772 1808 1820 poffe

349 1825 548 1864 consuimus
566 1855 576 1869 ,
605 1827 628 1862 si
644 1836 740 1863 certa
757 1829 909 1875 primum
925 1854 935 1870 ‚
969 1826 1004 1861 &
1021 1836 1103 1872 apte
1119 1826 1286 1874 dispofita
1303 1827 1455 1864 habendi
1487 1827 1661 1864 examinis
1689 1824 1805 1863 forma·

349 1878 660 1926 proescriberetur3
689 1877 712 1913 fi
725 1877 936 1927 quaestiones
952 1878 1165 1914 examinatis
1181 1879 1370 1927 propofizae
1386 1907 1397 1923 ‚
1420 1880 1456 1915 8(
1475 1879 1714 1916 consentaneae
1729 1876 1811 1911 illo-

350 1943 426 1967 rum
443 1929 682 1976 responsiones
699 1957 711 1973 ‚
743 1939 894 1977 totaque
910 1931 960 1966 rei
975 1928 1076 1975 gestae
1092 1929 1196 1966 series
1219 1932 1255 1966 in
1273 1931 1420 1977 scriptis
1436 1929 1660 1975 redigeretur
1680 1942 1690 1969 ς
1715 1928 1751 1963 8(
1783 1924 1808 1964 fi

352 1982 428 2018 adsta
443 1982 583 2018 demum
600 1984 712 2019 totius
736 1981 928 2023 concursus
958 1983 1001 2016 ad
1026 1982 1192 2033 Judicern
1209 1982 1463 2030 appellationis
1492 1980 1635 2028 integra
1648 1978 1806 2026 asporta·

350 2043 469 2070 rentur
486 2063 494 2070 .
1574 2046 1577 2047 ⁷

405 2085 498 2119 inita
512 2099 530 2123 a
544 2085 666 2123 Nobis
679 2087 815 2129 confilii
831 2086 928 2122 ratio
944 2096 1013 2120 non
1030 2084 1142 2122 solum
1161 2085 1273 2123 arrisit
1290 2085 1587 2134 Congregationi
1604 2111 1615 2127 ‚
1634 2082 1731 2120 illam
1748 2080 1807 2117 die

358 2138 416 2171 16.
432 2134 635 2174 Novembr.
658 2149 764 2186 ¹720·
781 2147 893 2177 ratam
909 2137 1055 2173 habenti
1073 2152 1085 2182 ς
1102 2137 1173 2174 Sed
1183 2137 1293 2173 etiam
1311 2135 1629 2184 Pontificiijudicii
1644 2131 1807 2170 accessio-

351 2198 396 2225 ne
410 2186 576 2227 roborata
592 2187 661 2228 fuit
676 2203 696 2226 a
710 2192 900 2228 Clemente
915 2190 979 2227 Xl.
995 2188 1233 2228 ecclefiasticae
1247 2189 1445 2241 disciplinae
1458 2187 1599 2225 vindice
1614 2213 1625 2230 ‚
1658 2184 1693 2224 8(
1709 2182 1810 2219 affer··

351 2247 427 2274 tore
445 2238 578 2273 eximio
594 2267 602 2276 .
632 2239 757 2290 thue
772 2243 933 2277 locorum
953 2241 1142 2278 Ordinarii
1159 2253 1199 2277 ea
1217 2242 1337 2276 omnia
1366 2239 1495 2282 filiali,
1528 2249 1601 2286 quo
1619 2247 1684 2288 par
1699 2242 1776 2271 erat
1792 2259 1804 2279 ‚

351 2289 525 2337 obsequio
540 2314 550 2330 ‚
570 2289 605 2324 &
619 2290 804 2338 diligentia
820 2301 1102 2341 exequerentur:
1125 2292 1169 2328 iis
1184 2293 1277 2328 datae
1291 2291 1368 2327 sunt
1384 2291 1441 2327 die
1463 2288 1680 2338 10.Januarii
1700 2295 1808 2329 1721.

351 2350 566 2386 opportunae
579 2340 688 2379 literae
704 2342 824 2379 nostro
840 2345 977 2385 calamo
992 2354 1144 2382 exaratae
1159 2370 1170 2386 ‚
1197 2342 1421 2392 ejusdemque
1438 2340 1626 2378 Pontificis
1645 2337 1738 2375 sensu
1768 2335 1806 2371 &

354 2393 502 2427 oraculo
516 2395 755 2441 comprobatae
769 2423 780 2438 ‚
797 2407 950 2443 quarum
965 2404 1121 2430 tenorem
1133 2394 1194 2431 etsi
1211 2394 1299 2430 alias
1314 2395 1420 2442 praelo
1435 2391 1653 2429 commissum
1667 2417 1677 2433 ‚
1707 2389 1741 2424 &
1755 2388 1805 2422 in·
1819 2385 1826 2394 '

357 2439 483 2477 sertum
496 2444 529 2478 in
546 2444 710 2486 Bullario
719 2445 808 2488 disti
822 2446 1023 2488 Clementis
1042 2445 1308 2485 Praedecefforis
1326 2443 1435 2483 nostri
1455 2471 1467 2489 ‚
1495 2453 1656 2490 congrue
1671 2438 1808 2478 hicdu-

354 2492 471 2535 ximus.
485 2494 702 2539 referendum
719 2525 730 2541 ,
