1883 2907
82 2254 203 2294 sest-⁸⁴.
213 2265 252 2288 m
258 2265 285 2294 3·

74 2296 118 2332 -o
131 2296 196 2336 Ets-

382 74 487 192 ἑὲιῒιι
509 105 609 142 Prior
634 100 848 139 paroehialis
872 100 1028 141 Ecclefiae
1055 103 1109 140 uti
1124 102 1321 142 canonieus
1342 101 1551 151 collegiatae
1579 103 1614 140 S.
1626 103 1719 142 Petri
1736 130 1747 144 .
1773 114 1816 145 ut,

412 156 486 192 estis
503 153 647 192 diebus,
672 151 706 187 &
756 151 920 188 rtesertim
950 151 1235 192 solemnioribus,
1261 149 1405 189 Divinis
1433 151 1566 188 Officiis
1594 152 1725 189 intersit
1747 153 1812 192 in...

381 203 502 238 choro
530 197 689 238 Ecclefiae
748 197 954 249 ollegiatae,
980 209 1086 250 utque
1115 199 1254 240 accedat
1306 211 1358 235 om
1385 199 1434 239 is,
1462 199 1518 235 seu
1545 200 1811 240 Proeeiiionibut

381 245 565 295 praescrtim
583 245 844 285 solemnioribus
863 244 1062 284 Sanctiffimi
1081 247 1250 296 Corporis
1267 212 1354 283 gliti
1387 247 1395 282 i
1412 272 1422 286 ,
1446 247 1479 283 &
1506 247 1594 284 Divi
1612 247 1786 284 Titularis
1799 276 1811 292 ,

380 306 454 343 qux
486 304 505 328 a
529 292 728 340 Collegiata
753 292 902 331 Ecclesia
930 291 1379 342 fierisolent.>Cogendu1n
1399 293 1463 331 effe
1485 294 1639 332 Priorem
1664 294 1811 334 intendit

382 339 605 386 Praepofitus‚
629 351 707 377 cum
733 342 781 374 ita
798 340 830 378 ἀ
852 339 1081 379 Generalium
1103 341 1342 379 Conciliorum
1357 341 1560 378 canonibus
1576 368 1586 382 ,
1610 343 1645 378 ἃ
1670 341 1814 380 Dioece·

381 390 451 425 sani
466 387 622 425 Concilii
639 387 785 422 decretis
811 396 951 422 cautum
968 387 1007 426 fit
1022 415 1032 428 ‚
1059 388 1217 437 idemque
1237 389 1408 426 diuturno
1434 388 1493 425 usu
1513 389 1682 426 servatum
1705 389 1744 424 sit
1767 391 1812 427 ab

382 436 461 473 aliis
478 444 557 470 ante
571 433 789 471 Bardottium
803 433 978 471 Prioribus
992 460 1003 477 ‚
1030 435 1169 482 ipseque
1187 434 1379 471 Bardottius
1396 436 1583 475 servaverit
1601 464 1611 479 ‚
1637 439 1670 475 ὃ(
1694 437 1810 474 serva-

382 496 420 520 re
447 482 591 520 debeat,
617 492 696 517 cum
717 479 841 518 fructus
874 480 923 519 sui
946 480 1182 520 canonicatus
1207 507 1218 522 ‚
1244 482 1276 516 &
1300 483 1517 528 quotidianas
1536 485 1812 528 distributiones,

379 541 418 567 ut
438 530 497 566 alii
513 528 684 566 canonici
704 553 714 567 ‚
741 529 960 574 perceperit,
986 530 1020 565 8<
1033 529 1204 577 percipiat
1221 557 1229 565 .

334 576 464 614 Tertio
479 576 597 625 capite
609 574 797 622 ambigitur
813 599 824 614 ,
846 587 890 610 an
905 576 1101 614 Bardottius
1112 577 1214 613 Prior
1237 575 1292 610 dle
1317 576 1484 614 Sabbathi
1507 578 1645 620 maioris
1662 579 1811 620 Hebdo-

379 624 484 660 mada:
502 623 664 660 Lustralis
683 633 775 670 aquae
789 623 1015 662 benedictioni
1041 623 1200 662 interesse
1225 633 1382 660 teneatur
1395 651 1405 666 ‚
1432 627 1520 672 quod
1534 634 1640 673 putat
1654 627 1819 668 Damius.

378 669 586 716 Praepofitus
599 682 641 706 ex
662 676 701 708 Ca
710 671 893 709 remoniali
911 674 1062 722 Episcop.
1088 672 1153 710 lib.
1166 682 1199 708 2.
1226 680 1301 720 cup.
1316 681 1369 718 27.
1389 677 1433 710 Θ*
1449 674 1527 713 28.,
1555 674 1586 709 ὅ(
1611 674 1817 718 definitione

378 721 411 756 S·
425 716 719 765 congregationis
748 717 860 755 sacris
883 717 1027 756 Ritibus
1052 719 1239 768 praepositae
1267 721 1354 766 apud
1373 721 1508 765 Brasch.
1527 724 1561 756 in
1588 726 1813 770 Promptuar.

379 767 538 811 synodal.
552 774 625 812 cap.
645 773 697 810 ις.
710 776 801 803 num.
818 774 875 813 30.
892 765 968 806 Neo
980 777 1115 805 mutare
1130 795 1140 809 ,
1164 767 1256 814 quod
1284 765 1381 802 l'rior
1404 779 1422 802 a
1447 767 1638 804 Parocliiali
1659 769 1714 806 sua
1738 769 1811 806 die-

376 814 439 850 bus
465 812 535 850 illis
552 810 660 848 abesse
689 821 856 859 nequeat,
883 825 958 850 cum
973 815 1071 854 Sacra
1088 814 1235 858 Officia,
1262 815 1292 852 δι
1312 814 1516 851 functiones
1529 815 1576 857 tin
1603 828 1643 852 ea
1670 818 1808 864 agendae

374 872 512 908 quoque
542 859 629 901 lint,
655 858 829 906 magisque
855 871 896 896 eo
920 871 989 900 tem
1018 874 1080 900 ore
1106 872 1225 912 urgeat
1247 873 1331 899 cura
1357 863 1574 900 animarum:
1601 863 1688 900 hanc
1710 864 1807 903 enim

375 906 441 945 effe
459 917 612 945 mentem
636 907 736 947 huius
751 907 958 956 Ampiiffimi
1019 911 1151 951 minis,
1177 923 1220 948 ne
1241 909 1431 949 Parochum
1455 911 1593 960 quidem
1617 911 1802 956 excipien—

376 955 458 1008 dum
469 955 534 1008 elle
548 983 558 999 ‚
583 967 646 1008 nec
660 952 771 995 abesse
785 957 879 1001 posse
891 967 969 994 cum
983 958 1104 997 Fontis
1120 956 1336 1005 Baptismalis
1348 982 1359 998 ,
1381 956 1535 1007 sacrique
1548 959 1655 995 Cerei
1679 958 1720 995 fit
1737 960 1805 996 Be·

374 1004 528 1042 nedicno
542 1029 553 1045 .
576 1013 615 1042 ut
634 1014 670 1041 in
692 1009 818 1041 Limen.
832 1010 1021 1043 sarzanen-
1037 1016 1091 1052 ις.
1105 1009 1196 1043 Maii
1213 1017 1268 1047 ¹7¹
1283 1017 1312 1042 1.
1323 1009 1367 1042 (φ
1384 1006 1418 1041 in
1433 1008 1642 1043 Derthonex.
1654 1009 1801 1052 maium

376 1052 529 1089 ‘Parochi
537 1051 638 1091 <lium
653 1060 687 1101 33
700 1049 901 1089 Decembris
921 1055 1020 1103 1708.
1042 1055 1179 1102 Qarto
1191 1054 1326 1091 demum
1340 1053 1453 1097 capite
1468 1053 1508 1089 de
1521 1052 1705 1099 Campanis
1720 1053 1803 1100 pul-

366 1098 484 1135 „fiendis
502 1097 549 1137 est
597 1097 711 1136 uaestio
735 1110 744 1134 3
787 1096 902 1144 Negat
925 1100 1018 1137 enim
1049 1101 1203 1140 Dantius
1226 1099 1422 1145 Praepolitus
1453 1100 1504 1145 jus
1531 1101 1595 1138 effe
1627 1099 1808 1137 Bardottio

320 1178 323 1181 Α
339 1154 342 1155 ’
375 1144 486 1182 Priori
513 1145 572 1191 pul
590 1145 668 1183 andi
689 1144 899 1190 Campanam
915 1145 980 1183 suae
994 1147 1223 1187 Parocchialis
1240 1145 1391 1187 Ecclesi.e
1407 1148 1460 1183 die
1477 1149 1638 1186 Sabbathi
1665 1147 1805 1189 majoris

304 1197 312 1210 ⁶
376 1191 634 1234 Hebdomadae,
660 1196 868 1240 antequam
894 1193 1045 1232 sonitum
1068 1198 1125 1233 det
1149 1195 1326 1240 Campana
1352 1193 1503 1233 Ecclesia:
1518 1195 1745 1248 Collegium,
1771 1194 1806 1229 id

373 1239 466 1278 enim
489 1241 639 1279 vetitum
661 1238 725 1277 esse
752 1240 994 1283 constitutione
1019 1253 1077 1281 22.
1102 1243 1137 1290 §.
1155 1253 1206 1284 14.
1236 1241 1360 1280 Leonis
1385 1241 1432 1280 X.
1458 1242 1632 1279 l'ontificis
1657 1241 1807 1279 Maximi

376 1289 450 1325 vol.
465 1289 640 1326 neullar.
666 1292 710 1325 ὠ*
732 1291 1082 1338 Caeremonial.Episc.
1106 1294 1139 1326 d.
1162 1300 1306 1339 c2p.27.
1331 1288 1556 1336 Decretisque
1573 1289 1805 1326 Generalibus

375 1334 456 1372 vrb.
473 1339 516 1373 ὠ
533 1334 615 1372 orb.
635 1346 688 1370 ιο.
701 1335 902 1373 Decembris
922 1347 1020 1384 1703.
1043 1338 1164 1386 quibus
1177 1336 1389 1374 conveniunt
1411 1336 1564 1379 responsa
1588 1336 1679 1374 Sacri
1701 1337 1805 1382 hujus

376 1383 519 1421 Senatus
533 1383 568 1417 in
582 1381 670 1417 dicia
683 1382 894 1422 Derthonen.
910 1389 954 1423 ey*
968 1388 1003 1420 in
1019 1387 1186 1423 Theatina
1207 1395 1258 1431 ις.
1274 1386 1402 1422 Martii
1420 1392 1518 1431 ¹7²7·

330 1429 415 1467 Haec
431 1428 581 1465 Damius
599 1443 606 1465 :
633 1428 718 1474 quid
730 1438 850 1464 contra
863 1430 950 1469 ferat
963 1431 1158 1468 Bardottius
1173 1431 1395 1477 ignoramus,
1419 1432 1569 1467 nondum
1590 1430 1681 1467 enim
1705 1430 1807 1468 libel·-

376 1477 449 1513 lum
475 1476 607 1521 jurium
628 1477 764 1515 suorum
785 1476 897 1513 dedit:
925 1479 1045 1517 Dubia
1076 1480 1120 1519 ab
1137 1477 1363 1531 Amplissimis
1390 1477 1553 1518 Patribus
1577 1476 1806 1518 defimenda...

327 1571 356 1610 Γ.
376 1523 741 1624 Ἣῖιῃέἳξοῗῗὲεξῗέἑτὲ
753 1526 1227 1626 ἓξιῘἝῐ-οὲεὶιῖἓῧξῐέἔ.’Μειτῐίηἰ
1240 1600 1252 1616 ,
1275 1576 1308 1613 δι
1332 1575 1508 1615 Barbam,
1532 1574 1583 1626 uti
1603 1573 1804 1611 canonicus

422 1629 559 1657 tenetur
578 1618 733 1670 interesse
749 1621 896 1658 Divinis
907 1621 1044 1659 Officiis
1063 1621 1101 1658 in
1114 1623 1233 1660 Choro
1247 1623 1401 1661 Ecclesia:
1428 1622 1636 1669 Collegiatae
1659 1620 1694 1658 S.
1706 1621 1801 1659 Petri

420 1667 539 1704 diebus
552 1665 721 1707 Festiv1s,
741 1667 772 1702 &
790 1667 962 1715 signanter
987 1670 1249 1709 solemnioribus
1275 1672 1309 1706 in
1332 1671 1410 1708 casu
1427 1672 1493 1708 &c.

326 1714 371 1753 1-1.
399 1716 456 1751 An
475 1715 564 1752 idem
580 1713 677 1753 Prior
691 1724 848 1752 teneatur
874 1716 1085 1754 intervenire
1110 1717 1376 1756 Proceffionibus
1391 1730 1408 1753 a
1431 1715 1587 1764 praedicta
1601 1715 1802 1763 Collegiata

417 1761 489 1799 fieri
512 1762 621 1799 solitis
635 1790 645 1803 ‚
671 1762 703 1797 δι
717 1762 902 1808 praesertim
924 1763 1189 1803 solemnioribus
1204 1765 1317 1804 Sancti·
1332 1765 1503 1803 'sitularis
1516 1791 1527 1807 ,
1551 1766 1585 1799 &
1600 1761 1800 1800 Sanetiflimi

421 1809 583 1855 Corporis
597 1810 728 1849 Christi
746 1811 783 1849 in
798 1810 876 1848 casu
889 1813 958 1852 διε,

324 1856 388 1896 111.
414 1859 474 1896 An
491 1857 559 1904 ipse
572 1858 668 1894 Prior
692 1867 851 1896 teneatur
879 1859 1042 1897 interesse
1066 1861 1101 1898 in
1124 1861 1243 1897 eadem
1266 1860 1414 1898 Ecclesia
1437 1858 1635 1908 Collegiata
1651 1856 1799 1894 Benedi-

416 1905 519 1945 ctioni
543 1905 667 1942 Fontis
687 1907 742 1944 die
763 1906 929 1945 Sabbathi'
955 1907 1068 1944 Sancti
1094 1909 1131 1944 in
1148 1908 1239 1944 Casu
1251 1909 1321 1945 διε.

323 1950 387 1990 lv.
412 1953 472 1988 An
487 1953 517 1988 d.
539 1953 642 1990 Prior
659 1953 713 1988 die
727 1953 890 1990 Sabbathi
911 1955 1142 1992 Hebdomadae
1158 1957 1295 1999 majoris
1319 1956 1418 2005 possit
1440 1953 1572 2003 pulsare
1587 1953 1801 2002 Campanam

419 2010 497 2037 ante
518 2000 672 2039 sonitum
686 2000 874 2051 Campanae
886 2003 1041 2042 Ecciefiae
1055 2003 1260 2053 Collegiatae
1284 2005 1323 2041 in
1337 2002 1428 2042 Casu
1447 2005 1513 2041 &c.

415 2098 545 2138 Dilata
564 2099 608 2138 ad
633 2101 782 2149 primam
798 2127 810 2141 .

426 2233 731 2288 RuEVETANA
757 2237 1157 2278 CATHEDRATICI
1180 2254 1191 2277 ε
1227 2238 1370 2289 Negant
1398 2235 1709 2289 Administratores
1733 2235 1797 2270 Fa-

439 2282 541 2321 bricae
555 2283 777 2323 Cathedralis
788 2286 945 2322 Ecclesiae
958 2287 989 2321 S.
1007 2289 1130 2324 Mariae
1145 2291 1186 2326 de
1201 2290 1313 2325 Stella
1335 2287 1439 2323 Urbis
1456 2287 1598 2320 Veteris
1612 2311 1622 2325 ‚
1640 2283 1793 2319 Conser-

368 2329 538 2381 vatorium
552 2330 749 2368 Puellarum
761 2333 1026 2380 deperditarum
1040 2360 1050 2374 ,
1076 2336 1107 2370 δι
1133 2335 1202 2371 duo
1224 2333 1392 2371 sodalitia
1412 2331 1628 2367 Sanfflffimae
1646 2332 1798 2366 Annun-

370 2377 553 2428 ciationis,
577 2378 609 2412 &
633 2377 667 2413 S.
681 2379 803 2416 Mariae
824 2380 868 2428 de
894 2380 1019 2416 Monte
1043 2381 1206 2419 Carmelo
1223 2382 1281 2424 ,lus
1306 2379 1371 2415 ess‘e
1383 2379 1551 2427 Episcopo
1575 2378 1798 2430 Urbevetano

369 2426 522 2512 aaran
538 2425 1700 2512 ³3:¹{513335‘3ff‘ffl3aiigssss‘zstssliizi‘iiissss‘izssmel:
1711 2423 1797 2506 Eia:

371 2497 538 2567 tlioritate
551 2518 643 2571 Sacri
660 2521 759 2564 hujus
774 2485 935 2562 Senin‘is,
960 2522 1015 2558 cui
1043 2523 1089 2558 ab
1107 2489 1279 2560 :inditore
1305 2522 1438 2570 Optimi
1463 2486 1679 2568 Maximiqtie
1693 2499 1798 2555 f’rin-

371 2571 459 2607 cipis
472 2564 571 2617 nostri
590 2569 745 2605 mandata
761 2568 827 2607 suit
841 2567 1036 2610 jurisdictio
1059 2569 1161 2612 hujus
1178 2565 1300 2608 Causae
1313 2594 1325 2610 ,
1352 2581 1427 2618 quae
1452 2570 1580 2618 pridem
1591 2568 1707 2605 delata
1721 2565 1797 2602 sue-

371 2615 424 2643 rat
441 2610 480 2646 ad
497 2609 667 2648 Tribunai
685 2616 732 2652 A.
745 2618 787 2652 C.
802 2615 964 2662 expedito
977 2620 1160 2656 monitorio
1172 2617 1276 2666 super
1288 2617 1526 2661 observatione
1540 2643 1551 2658 ,
1580 2626 1684 2664 atque
1708 2627 1797 2650 exe-

373 2659 512 2696 cutione
540 2659 793 2708 Refhlutionum
823 2668 1104 2712 congregationis
1129 2665 1370 2702 Particulart‘s
1395 2689 1408 2706 ‚
1444 2676 1521 2713 quae
1543 2663 1796 2745 dudumcsutffi&

1706 2719 1725 2744 a
1766 2718 1802 2743 e-
