1883 2907
103 127 302 165 -⁸‹·*-14tc.12-
393 91 414 122 4
441 119 624 159 ΟΜΑΝΑ
650 114 1018 154 REDUCTIONIS.
1045 113 1304 150 Constitutione
1330 112 1524 150 Clementis
1543 112 1652 151 vm.
1673 115 1814 152 Pontifi-

102 174 133 191 ,ιι
160 174 209 207 ns.
346 128 423 211 Iz-
449 170 495 206 cis
508 167 640 214 Optimi
662 164 806 201 Maximi
823 166 891 198 lata
908 174 995 197 anno
1014 174 1112 205 1597·
1126 162 1316 207 postulante
1333 163 1496 198 Odoardo
1514 162 1673 200 Farnesto
1685 163 1812 200 S.R1;E.

388 217 567 252 Cardinali
584 213 797 259 Amplissimo
812 238 822 250 ,
846 220 982 245 cautum
999 209 1084 252 fuit,
1115 219 1151 245 ut
1179 221 1220 244 ex
1237 208 1426 245 redditibus
1443 211 1810 259 Archipresbyteratus

390 263 546 301 Ecclesia„-
561 262 764 306 Collegiatae
782 258 890 293 Sancti
913 257 1081 292 Eustachii
1101 256 1208 292 Urbis
1226 282 1237 296 ,
1262 258 1316 292 cui
1343 268 1458 292 curam
1483 259 1671 294 animarum
1698 260 1814 294 data..

389 313 521 351 fuerat,
546 308 786 345 detraheretur
799 318 864 341 una
882 306 995 349 portio
1009 303 1227 339 canonicalis
1251 316 1293 339 ex
1308 304 1437 339 duabus
1455 331 1464 344 ,
1490 317 1572 352 quas
1595 306 1788 353 possidebat
1805 330 1817 345 ,

388 362 417 396 δι
433 370 570 406 quarum
582 355 742 404 quaelibet
757 353 915 389 reddebat
942 362 1052 385 annua
1078 350 1120 385 sc.
1137 360 1217 386 200.
1241 363 1302 386 nec
1323 363 1392 386 non
1405 351 1527 388 Canon
1549 363 1739 400 perpetuus
1753 365 1814 388 an-

389 417 530 442 nuorum
544 405 588 439 sc.
603 415 658 450 90.
681 402 795 448 hisque
811 398 996 434 redditibus
1010 399 1052 433 ab
1068 398 1415 444 Archipresbyteratu
1433 401 1593 436 detractis
1616 401 1725 436 erecta
1748 400 1814 436 fuit

393 454 531 490 Vicaria
550 458 728 496 perpetua,
756 449 811 483 cui
825 447 942 482 datum
969 445 1033 481 fuit
1051 458 1134 481 onus
1150 445 1252 480 Curae
1267 446 1470 482 Animarum
1486 474 1496 487 ‚
1520 449 1554 483 8(
1579 450 1645 484 tria
1673 447 1814 483 Benefi-

387 501 440 536 cia
456 496 682 536 Ecclesiastica
700 498 895 532 Ssrvitoricz
919 496 992 540 lege
1014 494 1139 535 adjecta
1155 518 1165 532 ,
1191 502 1229 527 ut
1245 493 1402 528 Vicarius
1418 504 1602 541 perpetuus
1614 522 1623 535 ,
1651 496 1683 531 δι
1698 494 1814 531 Bene-

390 547 510 584 ficiarii
527 546 642 579 Choro
676 541 870 578 interessent
891 568 901 581 ,
926 542 1029 577 Sacra
1049 541 1202 588 quaedam
1222 549 1364 584 agerent
1389 567 1400 582 ‚
1422 540 1695 578 Proceffionibus
1716 541 1812 578 ades-

391 597 483 635 sent,
509 592 644 639 aliaque
664 598 825 636 agerent,
853 600 928 636 qua:
952 589 986 622 in
1002 588 1121 624 eadem
1138 587 1395 624 Constitutione
1419 589 1528 623 relata
1555 587 1715 629 fuerunt3
1738 590 1814 626 Do-

386 644 431 677 tis
455 651 537 677 vero
559 638 698 675 nomine
722 638 849 674 tradita
874 636 941 671 fuit
989 635 1080 670 ortio
1104 636 1166 670 illa
1195 635 1442 676 canonicalis,
1467 637 1500 670 3<
1526 634 1654 671 Canon
1680 636 1813 673 Mensae
1854 639 1857 642 ’

388 687 607 736 capitulari,
632 694 670 720 ut
695 685 925 720 aCamerario
971 682 1102 726 'apituli
1129 682 1342 718 solverentur
1372 681 1516 718 Vicario
1542 694 1654 718 annua
1674 683 1718 720 sc.
1737 688 1817 729 58.,

388 748 443 783 qur
470 746 508 769 ea
538 733 679 767 haberet
701 734 870 778 praecipua
893 731 983 766 ultra
1003 729 1274 769 habitationem,
1301 731 1333 766 &
1362 729 1580 766 parochialia
1605 731 1814 767 emolumen-

388 793 420 817 ta
435 809 443 822 ‚
471 793 507 817 ac
522 790 594 815 tum
609 779 751 816 Vicario
767 807 776 818 ,
803 789 875 814 tum
899 777 978 813 aliis
999 777 1109 813 tribus
1125 776 1354 813 Beneficiariis
1369 777 1582 814 solverentur
1600 778 1667 814 alia
1682 778 1818 818 sc.224.

385 841 495 865 annua
524 829 558 863 in
581 827 675 863 usum
703 826 983 862 distributionum
1012 824 1291 870 quotidianarum
1314 851 1324 867 ‚
1354 837 1395 861 ex
1421 825 1543 872 quibus
1565 825 1817 862 distributioni-

384 880 446 912 bus
459 875 617 911 Vicarius
630 874 806 910 dimidiam
819 901 829 913 ‚
852 872 974 920 singuli
990 882 1071 906 vero
1085 871 1301 907 Beneficiarii
1328 873 1496 919 integram
1519 872 1714 918 portionem
1734 885 1814 919 per-

385 925 544 971 ciperent
559 923 651 965 juxra
668 920 847 968 providam
863 919 1132 955 Ordinationem
1156 921 1196 954 ab
1217 920 1296 966 ipso
1309 919 1487 956 Cardinali
1504 920 1664 955 Odoardo
1690 918 1814 957 facien.

385 972 493 1007 verba
520 970 593 1004 sunt
618 968 916 1009 constitutionis,
940 979 979 1004 ac
1004 967 1198 1006 absentium
1223 967 1342 1017 portio
1369 966 1592 1017 praesentibus
1622 978 1684 1015 pro
1704 976 1812 1009 rata...

386 1019 590 1054 accresceret
602 1045 609 1053 .

339 1065 474 1101 Servata
496 1065 560 1101 suit
590 1063 632 1099 ad
647 1064 760 1099 nostra
785 1063 857 1099 haec
880 1072 1042 1110 tempora
1055 1061 1320 1098 Constitutionis
1343 1063 1442 1106 huius
1455 1062 1611 1106 sanctio,
1637 1062 1692 1099 sed
1706 1074 1812 1109 nuper

383 1113 555 1148 Canonici
571 1110 713 1153 ejusdem
726 1110 930 1158 Collegiatae
949 1109 1127 1150 Ecclefiae,
1154 1109 1282 1156 quibus
1301 1112 1528 1148 decreverunt
1541 1111 1750 1150 Praebendae,
1776 1111 1813 1146 &
1852 1146 1855 1150 ,

383 1160 564 1196 Portiones
587 1159 822 1195 Canonicales
865 1158 1087 1205 suppreffione
1115 1158 1297 1202 cujusdam
1327 1158 1568 1195 Secretariatus
1594 1157 1811 1206 Apostolici,

381 1219 456 1253 quae
479 1206 562 1242 faeta
582 1206 647 1241 fuit
671 1216 767 1240 motu
793 1207 932 1251 proprio
958 1208 1043 1240 Ven.
1062 1205 1165 1240 *Servi
1200 1205 1269 1241 Dei
1295 1205 1486 1243 innocentii
1502 1205 1568 1241 XI.
1601 1218 1692 1242 anno
1711 1205 1811 1245 1678.

384 1255 536 1289 redditus
557 1253 650 1288 enim
664 1252 910 1288 Secretariatus
935 1252 1031 1288 illius
1049 1261 1121 1286 erat
1155 1263 1348 1289 annuorum
1371 1253 1414 1289 sc.
1433 1255 1530 1295 1418-
1556 1258 1649 1289 nunc
1670 1263 1754 1289 vero
1769 1263 1813 1288 ex

380 1303 452 1344 ejus
466 1302 579 1348 pretio
596 1299 732 1335 nonnifi
746 1310 858 1335 annua
884 1299 927 1335 sc.
945 1311 1022 1341 330.
1041 1299 1278 1345 percipiuntur
1292 1327 1301 1340 ,
1327 1301 1485 1337 libellum
1507 1301 1706 1336 obtulerunt
1723 1300 1810 1334 San-

383 1348 520 1383 ctiffimo
546 1344 707 1385 Pontifici
732 1346 847 1382 nostro
866 1372 878 1386 ,
902 1347 969 1393 quo
993 1347 1157 1393 petebant
1178 1345 1448 1384 diminutionem
1471 1360 1590 1385 annuae
1613 1347 1708 1384 illius
1729 1358 1813 1394 prae-

383 1395 538 1431 stationis.
558 1394 737 1440 adfignatae
758 1393 1013 1433 Beneficiariis,
1042 1404 1084 1427 ne
1109 1394 1356 1429 detrimentum
1381 1397 1573 1433 redditibus
1598 1395 1720 1431 mensae
1735 1393 1811 1429 Ca-

383 1442 545 1490 pitularis
575 1443 711 1479 illatum
733 1441 957 1486 suppreffione
985 1439 1088 1476 illius>
1107 1439 1223 1475 Officii
1245 1440 1502 1478 Canonicorurn
1537 1452 1671 1477 tantum
1705 1443 1811 1490 effet‚

385 1500 455 1525 non
479 1502 562 1525 vero
585 1490 688 1524 etiam
710 1488 842 1523 Vicarii
859 1514 868 1527 ,
894 1490 927 1525 ὅ(
954 1487 1259 1524 Beneficiariorum
1283 1502 1293 1527 ;
1319 1491 1484 1535 petebant
1514 1488 1784 1534 declarationem
1799 1513 1811 1528 ,

385 1547 451 1581 qua
468 1537 637 1572 Canonici
660 1535 922 1570 absolverentur
936 1547 955 1571 a
969 1535 1141 1571 solutione
1155 1534 1201 1570 sc.
1220 1546 1247 1571 1.
1260 1547 1332 1580 quae
1345 1535 1384 1571 fit
1399 1535 1632 1573 Beneficiariis
1645 1546 1702 1583 pro
1720 1547 1811 1583 qua-

387 1584 471 1619 libet
502 1595 645 1630 pompa,
671 1583 727 1618 seu
752 1582 969 1619 Processione
991 1610 1001 1622 ‚
1027 1593 1105 1618 cum
1125 1581 1341 1619 Beneficiarii
1371 1592 1552 1620 teneantur
1575 1584 1699 1630 absque
1736 1581 1813 1618 alio
1849 1608 1854 1613 .

386 1631 592 1678 compendio
609 1629 891 1666 processionibus
919 1629 1024 1666 adeffe
1039 1656 1048 1670 ,
1073 1641 1141 1676 quo
1162 1630 1328 1675 impleant
1346 1642 1434 1667 onus
1455 1632 1572 1666 datum
1590 1628 1812 1666 Clementina
1850 1654 1852 1656 v

386 1677 641 1713 Constitutione
663 1688 672 1713 ;
712 1678 874 1723 Petebant
893 1677 1033 1713 demum
1059 1703 1069 1716 ,
1092 1687 1130 1711 ut
1163 1675 1286 1711 fructus
1311 1676 1557 1713 Beneficiorum
1584 1677 1782 1715 vacantium
1800 1701 1812 1717 ,

385 1726 467 1770 qui,
496 1736 574 1759 cum
588 1723 785 1759 vacationes
799 1725 1058 1769 contingerent,
1086 1723 1242 1757 distribui
1267 1723 1421 1759 solebant
1436 1726 1526 1760 inter
1543 1722 1810 1763 Beneficiarios,

387 1771 529 1817 amplius
555 1772 646 1806 inter
671 1781 726 1804 eos
751 1781 817 1804 non
831 1770 1137 1809 distribuerentur,
1164 1769 1215 1804 sed
1238 1771 1271 1805 in
1300 1782 1397 1811 arca,
1424 1772 1454 1807 δι
1480 1772 1596 1808 mensa
1613 1768 1809 1817 capitulari

387 1827 597 1854 remanerent
612 1846 619 1854 .
648 1819 744 1852 Data
768 1817 830 1852 fuit
857 1818 898 1851 ab
912 1818 1059 1863 Optimo
1073 1815 1229 1862 Principe
1246 1816 1528 1854 Eminentissimis
1545 1819 1702 1857 Patribus
1728 1829 1810 1853 om-

387 1865 438 1900 nis
455 1864 592 1906 hujusce
610 1866 655 1899 rei
672 1864 843 1911 cognitio,
869 1877 886 1899 a
902 1866 1024 1911 quibus
1037 1874 1171 1907 rogatus
1192 1863 1257 1898 fuit
1278 1865 1401 1900 Nerius
1415 1865 1574 1902 Corfinus
1588 1865 1706 1902 s.R.E.
1723 1864 1808 1899 Car-

386 1912 505 1948 dinalis
523 1910 762 1957 Amplissimus
775 1937 785 1950 ,
812 1913 842 1946 &
858 1912 1006 1954 ejusdem
1021 1911 1223 1957 Collegiatae
1249 1911 1402 1947 Ecclesia:
1416 1913 1594 1947 Diaconus
1609 1911 1785 1947 Titularis
1798 1935 1811 1951 ,

389 1969 429 1994 ut
450 1963 487 1993 de
504 1958 555 1992 his
572 1959 677 1993 animi
704 1958 751 1993 sui
771 1959 974 1993 sententiam
994 1956 1167 2004 aperiret:
1195 1957 1388 2004 Respondit
1415 1967 1531 1993 autem
1555 1957 1809 1997 disertissima...

388 2005 531 2049 Epistola
553 2005 733 2040 secundum
746 2004 987 2041 Beneficiarios
1004 2004 1139 2040 censens
1161 2005 1249 2040 nihil
1275 2004 1342 2039 effe
1358 2005 1612 2043 innovandumt
1695 2039 1698 2045 ,
1716 2040 1718 2043 ,

341 2052 552 2098 Proponitur
575 2063 664 2087 nunc
680 2052 796 2098 itaque
807 2052 918 2087 Causa
936 2052 1047 2094 tribus
1070 2053 1251 2098 complexa
1266 2051 1470 2097 Capitibus:
1493 2052 1674 2091 ‚Canonici
1701 2049 1811 2088 ratio·

389 2109 447 2133 nes
469 2098 729 2142 postulationum
749 2099 886 2134 suarum
912 2099 1034 2135 libello
1059 2098 1118 2135 suo
1139 2099 1351 2138 defendunt;
1377 2100 1427 2135 his
1450 2100 1650 2147 respondent
1671 2100 1742 2135 alio
1767 2097 1810 2133 li-

388 2144 482 2179 bello
509 2144 739 2181 ssenefieiarii.
772 2147 871 2188 Onus
896 2146 1002 2194 igitur
1036 2146 1418 2194 eritAmplissimorum
1444 2147 1583 2183 Patrum
1599 2146 1812 2193 utriusque,

393 2191 501 2226 Partis
524 2192 716 2227 rationibus
735 2193 882 2238 expenfis
904 2196 1084 2229 decernere
1106 2218 1116 2229 .

348 2239 375 2274 1.
401 2240 459 2273 An
496 2237 533 2272 sit
570 2240 660 2273 locus
685 2239 870 2274 reduoioni
908 2242 1222 2275 emolumentorum
1259 2240 1513 2286 defignatorum
1548 2240 1583 2275 in
1608 2239 1709 2275 Bulla
1734 2240 1811 2276 San.

439 2285 760 2368 rnetn.&Clementis
778 2286 875 2320 Vlll.
901 2287 1018 2325 favore
1040 2286 1325 2325 Beneficiatorum
1337 2286 1446 2322 Sancti
1461 2286 1633 2322 Eustachii
1647 2287 1750 2323 Urbis
1777 2286 1812 2322 in

436 2344 514 2368 cau
565 2344 606 2367 ⁷c.
1261 2358 1262 2361 ,

349 2377 399 2417 ll,
426 2381 477 2414 An
497 2378 616 2415 fructus
632 2379 879 2416 Beneficiorum
894 2382 1090 2417 vacantium
1105 2381 1298 2420 accrescant
1322 2381 1397 2416 aliis
1417 2380 1631 2417 Beneficiatis
1646 2407 1657 2421 ,
1680 2380 1737 2417 seu
1752 2393 1811 2428 po-

439 2426 505 2460 tius
532 2426 701 2472 Capitulo
728 2429 763 2463 in
787 2426 862 2462 casu
878 2429 944 2464 διε.

349 2470 414 2506 111.
441 2472 499 2506 An
519 2473 681 2509 debeatur
703 2486 720 2509 a
746 2474 910 2522 Capitulo
929 2474 1051 2511 eisdem
1079 2472 1293 2512 Beneficiatis
1317 2477 1450 2512 scutum
1477 2486 1580 2515 unum
1600 2473 1809 2515 occafione...

442 2528 561 2553 eorum
583 2521 794 2559 interventus
822 2524 854 2558 iu
871 2523 1026 2570 qualibet
1050 2536 1091 2560 ex
1115 2523 1387 2561 Processionibus
1405 2522 1542 2560 incasu
1560 2523 1625 2560 &e

1631 2708 1712 2745 Pos
1719 2706 1751 2744 N
1758 2706 1806 2742 A·
