1874 2961
72 127 325 169 Cathedraticis
351 128 458 165 πεζὴ
480 127 595 165 fuerAt
618 154 628 170 ,
653 131 689 165 in
707 127 821 172 'Caufiz
852 131 1012 166 Fit-mana
1040 133 1274 172 cathedratici
1295 138 1414 174 diebus
1446 101 1501 185 2¹9¹.

78 179 218 228 ,Aprilis
234 203 243 215 ‚
270 188 312 213 cr
334 186 368 219 ς.
392 178 547 213 οῐῐοίινῐς
567 180 762 222 annii731.
790 177 958 212 editarum
978 205 987 216 ,
1011 179 1107 220 cujus
1135 182 1286 224 responsa
1304 185 1408 219 relata
1426 186 1501 220 sum

77 228 150 265 vol.
166 225 200 259 6.
217 224 306 275 Thes.
324 225 432 269 Rcsel.
447 232 520 276 ξας.
537 230 786 275 &rigny-sug.
801 236 879 266 3<5.
899 226 1034 261 Audito
1049 227 1162 273 itaque
1176 229 1240 269 jau·
1262 258 1269 269 ,
1299 243 1335 267 ut
1360 230 1432 266 fieri
1452 233 1501 267 so-

80 275 149 312 let,
173 271 359 317 Episcopo,
386 281 523 316 utrique
543 269 736 316 Litigantes
751 297 759 309 ,
788 272 966 317 propositis
996 274 1075 308 hinc
1096 275 1174 310 inde
1202 277 1352 318 libellis,
1374 279 1501 316 defini-

79 323 210 360 tionem
233 321 274 354 ab
293 317 511 363 Amplifliiuis
526 318 678 353 Patribus
693 320 897 364 expediant.

36 372 119 410 Non
134 367 288 417 equidem
313 366 446 402 animus
468 366 563 401 nobis
585 365 630 400 est
657 368 771 400 omnia
790 393 798 406 ‚
820 379 892 413 qua:
915 377 933 400 a
964 368 1115 405 Partibus
1137 370 1375 415 disputantur,
1398 374 1503 410 colli-

79 429 181 468 gere=
205 415 370 465 dabimus·
391 412 527 466 aliqua,
547 424 621 464 quae
646 423 687 447 ex
713 413 802 449 sacto
828 415 902 449 sunt
925 441 933 453 ,
959 425 1081 451 extera
1107 418 1237 464 plenius
1253 446 1262 459 ‚
1290 429 1327 454 ut
1354 431 1413 466 par
1430 421 1477 456 est
1493 447 1504 461 ‚

81 461 282 513 cognoscent
299 459 555 496 Eminentiffimi
572 459 688 494 Patres
705 462 847 497 ledione
866 462 1078 498 libellorum.
1106 465 1218 511 lgitur
1233 468 1290 513 qui
1307 467 1384 508 Jura
1402 469 1507 503 ACto·

81 526 158 554 mm
172 518 310 547 tuentur
324 534 333 547 ,
361 510 569 543 contendunt
584 506 727 553 inspecta
741 508 976 544 Cathedratici
1001 522 1120 546 natura
1132 539 1143 552 ,
1168 514 1256 549 illud
1273 515 1446 550 dumtaxat
1464 516 1508 549 ab

86 557 239 598 Ecclesiis
253 557 285 592 &
309 555 524 590 Beneficiatis
549 553 745 590 Dioeceseos
767 557 967 592 solvendum
988 558 1052 593 effe
1069 585 1078 597 ‚
1105 571 1169 594 non
1183 572 1266 596 vero
1280 563 1354 608 cogi
1382 560 1506 607 posse...

85 605 299 656 Cappellasl,
326 602 550 648 Refioresquc
565 601 789 654 licclesiarurn
803 605 971 640 Civitatis
989 631 998 644 ‚
1024 615 1122 653 atque
1136 609 1182 642 ob
1209 608 1244 642 id
1264 610 1370 644 Sacris
1384 609 1507 643 Cano-

86 656 189 693 „ibus
201 680 212 695 ,
235 654 352 699 quibus
371 650 607 700 Cathedratici
634 652 815 695 negocium
830 652 1026 688 continetur
1039 679 1050 693 ,
1077 665 1143 688 non
1157 654 1322 691 Civitatis
1336 682 1345 694 ,
1359 656 1415 691 sed
1430 666 1506 691 tan-

85 713 163 740 tum
183 698 382 737 Dioeceseos
409 706 540 732 mentio
555 695 615 731 fiat
630 722 641 736 ‚
667 705 702 731 ut
721 699 767 734 est
784 700 816 735 in
845 708 907 735 can
933 701 1073 746 placuit
1089 706 1165 737 Can.
1187 705 1279 738 inter
1297 713 1417 740 astera
1431 730 1442 743 ,
1463 707 1507 740 Θ

93 757 171 788 can.
195 749 283 785 illud
305 748 392 790 cauJL
413 757 464 796 io.
487 743 668 796 quas-⁸⁷03&
693 744 784 781 Cum
812 747 919 794 igitur
945 746 1128 793 Episcopus
1154 748 1238 784 illud
1261 750 1376 796 exigat
1399 762 1416 784 a
1434 750 1510 785 Ca-

91 794 229 844 pitale,
250 795 281 829 δι
303 792 516 828 Beneficiatis
530 790 774 834 cathedralis,
803 795 880 830 satis
895 794 957 828 hoc
973 793 1028 828 illi
1054 794 1118 830 effe
1131 794 1256 830 debeat
1270 823 1279 835 ‚
1305 809 1365 832 nec
1389 806 1512 844 peten-

88 845 172 880 dum
194 841 258 878 ess'e
277 868 285 880 ,
313 851 348 877 ut
367 839 520 875 solvatur
541 850 560 873 a
587 839 727 874 fabrica
757 867 767 880 ,
785 854 857 888 quae
879 841 1029 877 redditus
1058 842 1160 877 habet
1188 843 1377 885 distinctos,
1401 846 1433 880 &
1458 843 1513 879 se·

89 900 227 938 paratos
243 902 261 924 a
277 886 505 926 cathedrali,
528 896 667 931 quaque
682 898 699 921 a
718 887 831 925 Laicis
845 887 1184 926 Administratoribus
1199 889 1325 936 regitur
1338 918 1347 931 ,
1374 902 1436 926 nec
1449 902 1512 935 po·

93 939 158 977 test
174 937 359 983 Episcopus
381 961 390 974 ‚
413 946 462 986 ex.
480 933 577 976 cuius
602 933 712 968 mensa
735 936 819 972 nihil
845 946 1019 982 erogatum
1045 935 1113 971 suit
1139 935 1172 970 in
1192 948 1274 982 opus
1291 938 1374 974 illud
1405 938 1515 984 splen-

94 987 299 1023 didissimum
325 1009 336 1023 ,
359 981 428 1017 sese
454 991 489 1017 in
514 986 715 1032 eorumdem
741 984 933 1020 reddituum
957 983 1246 1018 administratione
1271 984 1413 1020 miscere
1438 1011 1449 1025 ,
1477 994 1518 1020 ut

95 1043 238 1073 cautum
257 1029 302 1066 est
318 1027 631 1066 constitutionibus
654 1030 802 1066 Martini
816 1032 851 1067 V
877 1058 886 1071 ,
912 1030 961 1066 Pii
980 1030 1024 1066 ll.
1039 1055 1049 1069 ,
1074 1031 1281 1077 aliorumque
1302 1031 1517 1068 Sumrrorum

94 1078 327 1120 Pontificum:
354 1075 542 1111 Prcesertim
564 1086 639 1109 cum
669 1087 786 1114 omnes
821 1080 874 1115 llli
901 1077 1046 1114 redditus
1079 1077 1291 1114 absumantur
1325 1079 1369 1114 ad
1393 1079 1515 1114 sartum

94 1132 283 1172 tessumque
302 1124 599 1175 splendidiffimum
624 1123 711 1159 illud
735 1137 818 1170 opus
834 1126 996 1162 tuendum
1014 1152 1024 1167 ‚
1047 1125 1077 1159 &
1093 1124 1335 1170 consequenter
1347 1127 1426 1166 Jure
1453 1137 1516 1159 ve-

96 1178 200 1213 titum
229 1173 267 1209 sit
286 1171 456 1218 Episcopis
477 1172 606 1216 aliquid
633 1170 693 1205 sibi
713 1172 864 1210 tribuere
891 1187 934 1211 ex
957 1173 1022 1213 iis,
1047 1183 1120 1219 quae
1145 1172 1252 1208 Sacris
1278 1173 1415 1208 AEdibus
1431 1171 1516 1208 adsi-

99 1233 204 1273 gnata
226 1220 301 1268 sunt
316 1247 326 1261 ‚
352 1229 388 1254 ut
410 1219 455 1253 est
475 1219 509 1252 in
527 1226 597 1253 (lm.
623 1229 771 1265 quatuor
791 1234 842 1257 12.
871 1234 901 1268 q.
921 1232 953 1257 2.

53 1266 358 1308 Conservatorium
373 1279 453 1301 vero
467 1265 662 1300 Puellarum
690 1266 784 1303 bonis
806 1268 987 1304 aMiffinio
1014 1266 1142 1305 relictis
1169 1265 1346 1303 fundatum
1369 1266 1437 1308 est,
1462 1278 1514 1302 3.,

102 1318 214 1353 Laicis
241 1315 394 1360 regitur,
419 1323 536 1348 tenues
561 1312 658 1347 habet
684 1315 834 1350 redditus
853 1342 863 1356 ,
888 1316 948 1361 qui
975 1316 1009 1350 in
1039 1315 1200 1351 alimenta
1221 1314 1417 1350 Puellarum
1439 1324 1516 1348 ero-

100 1375 229 1413 gantur
246 1389 254 1401 ,
281 1373 319 1397 ut
344 1371 440 1405 turpe
465 1360 619 1394 videatur
633 1360 843 1409 Episcopum
866 1363 909 1397 ab
931 1373 972 1397 eo
997 1361 1273 1398 Cathedraticum
1297 1370 1409 1406 petere
1425 1389 1435 1402 ‚
1461 1360 1517 1396 cui

103 1412 185 1448 dare
207 1409 277 1455 ipse
301 1422 319 1444 e
343 1407 528 1443 redditibus
553 1406 617 1441 suis
643 1407 808 1445 deberet.
837 1409 989 1445 AEdicula
1005 1437 1014 1451 ‚
1041 1421 1143 1456 quam
1176 1409 1277 1442 habet
1307 1409 1521 1450 adjunctam,

100 1459 215 1495 nullos
240 1456 343 1491 habet
370 1453 520 1490 redditus
546 1482 555 1495 ,
580 1453 727 1489 Rectore
750 1467 845 1493 caret
870 1485 880 1498 ,
907 1457 1119 1502 sepulchrum
1141 1467 1207 1490 non
1237 1455 1335 1489 habet
1358 1481 1368 1494 ‚
1393 1456 1423 1489 &
1445 1464 1520 1498 quae

103 1506 138 1541 in
165 1503 434 1539 Conservatorio
457 1502 623 1537 decedunt
651 1502 780 1539 Puellae
801 1532 812 1546 ‚
848 1504 883 1540 in
909 1503 1107 1540 Parochiali
1136 1501 1283 1538 Ecclesia
1305 1503 1539 1536 condumum„

103 1550 272 1588 Sodalitia
285 1562 421 1597 quoque
436 1576 446 1589 ,
471 1561 543 1595 quae
560 1548 594 1582 in
608 1549 720 1585 Causa
741 1550 818 1586 sunt
834 1579 843 1594 ,
866 1549 1016 1587 Laicalia
1039 1549 1104 1585 effe
1121 1578 1129 1589 ,
1158 1559 1195 1585 ut
1214 1550 1247 1582 in
1272 1549 1343 1595 ipso
1359 1576 1368 1588 ,
1392 1550 1432 1582 de
1449 1559 1520 1594 quo

103 1599 264 1646 quaeritur
288 1598 428 1637 Dubio,
453 1596 640 1642 expressum
664 1597 710 1632 est
731 1625 741 1637 ,
767 1609 842 1636 curn
865 1598 1074 1635 authoritate
1101 1597 1296 1645 Episcopali
1322 1597 1430 1630 erecta
1454 1606 1523 1629 non

104 1646 259 1684 suerin13
284 1646 427 1680 alterum
442 1645 532 1679 enim
544 1672 554 1684 ,
582 1645 670 1691 quod
688 1655 927 1692 nuncupatur,
954 1645 989 1681 B.
1004 1645 1124 1681 Mariae
1144 1645 1184 1679 de
1202 1645 1324 1680 Monte
1338 1642 1500 1677 Carmelo
1513 1666 1525 1680 ,

105 1692 255 1731 Ecclesia
274 1701 366 1728 caret
382 1717 392 1729 ‚
417 1693 448 1727 &
468 1691 606 1736 simplex
630 1691 736 1727 habet
765 1693 990 1732 Oratorium‚
1017 1704 1083 1739 quo
1113 1700 1365 1738 congregantur
1384 1688 1526 1725 Sodales

107 1741 152 1777 iis
167 1741 301 1786 agendis
315 1739 458 1780 officiis,
484 1751 557 1784 quae
583 1741 622 1774 ad
633 1739 825 1787 pietatem,
852 1742 883 1776 &
911 1740 1111 1787 religionem
1137 1739 1330 1784 pertinent:
1360 1737 1526 1771 Alterum

105 1797 211 1827 vero,
232 1789 318 1833 quod
339 1799 357 1821 a
382 1786 584 1823 Sanuiffima
600 1788 888 1823 Annunciatione
910 1787 1062 1826 dicitur,
1089 1785 1273 1821 Ecclesiam
1300 1784 1436 1830 quidem
1463 1784 1525 1817 ha-

107 1836 164 1869 bet
180 1862 190 1875 ,
214 1834 265 1869 sed
289 1846 470 1881 numquam
494 1834 529 1869 in
546 1834 710 1870 Titulum
728 1836 855 1871 collata
874 1835 940 1870 fuit
954 1862 964 1874 ,
993 1847 1071 1869 cum
1096 1833 1210 1868 nullos
1224 1833 1344 1866 habeat
1361 1829 1527 1869 redditus,

106 1881 165 1927 qui
184 1892 299 1916 ornnes
324 1881 367 1916 ad
390 1883 592 1919 sodalitium
607 1883 779 1927 pertinent
792 1909 802 1922 ,
829 1894 847 1916 a
865 1894 931 1930 quo
947 1884 1045 1926 juxta
1071 1881 1204 1926 piorum
1223 1878 1441 1913 Testatorurn
1458 1889 1526 1911 vo-

106 1930 258 1964 luntates
273 1938 476 1974 erogantur.
503 1930 551 1963 Ex
580 1930 630 1963 nis
651 1931 808 1965 omnibus
822 1931 992 1976 colligunt
1011 1929 1190 1976 sequendas
1206 1925 1269 1961 effe
1291 1923 1530 1960 definitIones·

107 1976 396 2022 congregationis
420 1977 639 2022 particularis
665 1977 791 2012 relatas
814 1981 847 2014 d.
869 1979 940 2013 vol.
959 1980 992 2013 6.
1020 1977 1111 2020 Thes.
1135 1975 1250 2022 Refoi.
1277 1980 1352 2008 Sac.
1373 1979 1517 2019 Congreg

133 2038 150 2056 a
179 2034 218 2063 ις
247 2034 281 2064 9ο

64 2033 398 2121 Εέηέᾶ-ἔρίίεορυς
424 2072 501 2113 Jura
517 2072 755 2109 Cathedratici
771 2074 839 2108 late
859 2072 1048 2119 proponit,
1071 2070 1292 2117 disputat-que
1319 2062 1530 2117 nniliilobess'e

110 2114 333 2152 definitiones
353 2119 645 2165 congregationis
667 2120 884 2165 particularis
899 2146 909 2158 ‚
933 2119 1022 2165 quod
1039 2128 1157 2164 agatur
1171 2117 1214 2152 de
1231 2114 1405 2164 sodalitiis
1419 2111 1531 2164 assen-

111 2164 170 2202 su,
195 2171 300 2215 atque
328 2169 539 2215 authoritate
563 2167 753 2214 Episcopali
779 2167 965 2205 institutis,
993 2167 1082 2213 quod
1109 2165 1192 2199 licet
1215 2189 1224 2202 ‚
1252 2161 1408 2196 incendio
1433 2159 1534 2194 illato

110 2208 300 2261 Tabulario
314 2211 527 2257 Episcopali‚
553 2212 687 2259 liquido
706 2215 845 2261 probari
868 2225 939 2249 non
963 2213 1058 2258 poffit
1082 2237 1094 2250 ‚
1118 2209 1254 2246 indiciis
1278 2218 1392 2242 tamen
1411 2234 1420 2247 ‚
1445 2216 1533 2257 con-

113 2259 251 2302 iecturis
266 2283 277 2297 ,
302 2259 334 2292 &
354 2260 565 2305 argumentis
592 2262 621 2295 id
645 2261 790 2306 colligi,
816 2273 891 2308 quae
915 2260 1031 2295 omnia
1054 2258 1099 2294 ab
1125 2254 1402 2293 Eminentiffimis
1417 2253 1535 2288 Patri-

112 2307 174 2340 bus
186 2303 434 2350 perspicientur
456 2317 499 2340 ex
512 2306 660 2347 ejusdem
678 2308 835 2354 Episcopi
861 2307 980 2342 libello
993 2333 1003 2343 .
1028 2306 1121 2340 Idem
1148 2305 1298 2350 disputat
1324 2303 1363 2336 de
1376 2299 1534 2351 Conser-

113 2352 249 2388 vatorio
275 2375 284 2390 ,
303 2352 393 2397 quod
419 2352 598 2388 Ecclesiam
628 2355 749 2389 habeat
773 2356 961 2398 adjunctam
986 2365 1063 2389 cum
1090 2351 1198 2387 Turri
1223 2352 1472 2396 Campanam,
1497 2353 1538 2380 Ut

111 2398 380 2446 praesumendum
395 2399 433 2433 sit
449 2398 608 2436 assensum
623 2402 776 2448 Episcopi
794 2402 828 2436 in
845 2401 1016 2436 ereetione
1035 2397 1197 2435 acceffiffe
1214 2424 1223 2438 ‚
1250 2393 1434 2443 praesertim
1455 2403 1537 2445 cun}

115 2446 162 2481 ab
185 2446 303 2481 eodem
325 2445 490 2494 Episcopo
510 2448 667 2484 visitetur
683 2477 692 2489 ‚
717 2450 748 2484 δι
767 2447 1067 2484 Administratores
1099 2446 1248 2481 Fabricae
1262 2440 1480 2492 Cathedralis
1503 2449 1538 2473 et

117 2492 259 2531 reddant
285 2495 474 2529 rationem:
501 2494 751 2532 observantiam
778 2508 914 2542 quoque
937 2495 1102 2540 Episcopo
1128 2494 1244 2528 favere
1262 2515 1272 2528 ‚
1297 2500 1371 2535 quae
1396 2496 1538 2523 initium

117 2541 237 2577 habuit
261 2541 329 2586 post
341 2540 538 2577 Concilium
551 2542 768 2584 Romanum,
791 2544 826 2577 in
847 2554 912 2588 quo
939 2541 1127 2576 instauratae
1151 2538 1288 2573 fuerunt
1316 2537 1406 2582 leges
1422 2534 1541 2585 Cano-

118 2588 199 2622 nicae
214 2614 224 2627 ,
249 2600 322 2635 quae
335 2588 378 2623 de
391 2587 811 2626 Cathedraticisolutione
833 2590 979 2635 agebant
994 2615 1005 2628 ,
1031 2597 1068 2622 ut
1091 2598 1134 2621 ex
1158 2586 1209 2620 his
1229 2584 1368 2619 deinum
1395 2580 1541 2632 colligat

117 2634 398 2670 Cathedraticum
416 2634 480 2672 else
497 2636 713 2683 praestandum
727 2663 738 2678 ,
761 2639 795 2672 8<
822 2636 846 2670 fi
873 2635 1084 2670 contrarium
1112 2634 1246 2680 placeat
1262 2629 1542 2666 Eminentissimis

118 2680 294 2722 pambus,
318 2683 448 2723 nullam
473 2684 537 2720 esse
551 2683 648 2719 illius
664 2710 675 2726 ,
697 2685 788 2731 quod
816 2682 962 2719 solutum
983 2681 1054 2723 est,
1079 2680 1348 2728 repetitionem,
1373 2676 1462 2724 quod
1486 2677 1540 2724 in*-

168 2733 350 2768 Tom0XW.
941 2728 969 2764 B
993 2739 1014 2765 2
1449 2722 1542 2756 debi-
