1883 2907
389 141 434 181 46
752 176 760 183 ,
803 178 810 183 ,
883 172 891 180 .
1578 171 1603 179 --
1638 171 1647 178 ·

375 214 402 227 Η
426 188 450 221 ῃ·
473 183 514 216 sc,
535 189 589 220 30·
615 176 702 214 colla
727 177 962 213 diminuzione
980 173 1066 219 pero
1092 173 1183 209 della
1210 170 1299 217 spesa
1324 180 1384 216 pei·
1405 169 1439 205 la
1465 171 1713 210 transmissione
1737 185 1799 227 per

371 261 395 274 ,‚
420 227 626 275 conscgnarli
641 228 706 262 &c.
724 226 794 262 haec
814 222 969 258 Tcltitor
986 247 996 261 ,
1021 233 1094 268 qus:
1125 233 1185 256 nos
1201 219 1398 264 excepimus
1418 229 1460 253 ex
1487 218 1612 254 libello
1630 248 1640 261 ,
1661 222 1693 256 &
1721 234 1799 267 epi-

372 280 453 314 stola
468 302 478 314 ‚
498 287 599 322 quam
614 273 701 309 infra
717 271 981 308 memorabimus
994 294 1004 308 ,
1027 269 1157 316 integra
1172 266 1332 314 siquidem
1351 266 1455 313 legati
1470 268 1641 313 particula
1656 269 1693 305 in
1708 269 1794 306 sum·

372 326 482 360 mario
510 321 678 369 proposita
702 332 769 356 non
795 319 860 353 fuit
877 344 886 357 ,
1105 361 1110 366 ,
1369 362 1375 366 ,

327 374 442 409 Morte
456 372 553 408 obita
581 383 599 404 a
621 368 818 405 Festum-e,
841 364 994 410 Angelus
1018 362 1132 397 Maria
1155 362 1418 409 Guardenghius
1443 361 1546 398 haeres
1573 362 1715 408 scriptus
1737 376 1797 401 va-

373 431 473 456 cuam
492 418 611 463 praedii
628 417 722 452 illius
763 413 968 448 offeffionem
986 409 1122 455 publico
1138 408 1355 445 instrumento
1376 409 1517 444 tradidit
1533 410 1704 446 Sodalitio
1719 438 1730 451 ,
1747 412 1803 448 sed

377 468 582 502 redundante
598 428 864 511 pluriesel‘iberi
892 468 980 492 anno
1003 465 1099 502 1742.
1118 455 1259 507 Turrim
1284 457 1380 491 illam
1399 468 1490 501 piene
1516 459 1583 492 ivit
1610 458 1775 500 dejectum
1791 486 1802 499 .

379 525 416 548 ut
442 515 484 550 ad
514 515 733 547 avertendam
756 508 889 543 ruinam
914 503 1039 538 neceffe
1065 502 1169 539 fuerit
1194 503 1370 538 communi
1394 504 1559 544 haeredis,
1587 507 1617 541 δι
1643 507 1802 543 Sodalitii

378 573 520 608 pecunia
536 560 630 594 illam
657 557 811 596 munire,
839 555 870 589 &
888 552 1088 589 restituere:
1117 550 1193 587 Post
1220 552 1290 586 haec
1315 551 1509 586 intendebat
1525 553 1729 590 Sodah'tium
1752 565 1804 590 re-

379 608 582 643 stituendam
613 605 676 641 effe
706 603 862 652 pecunia:
890 609 1038 647 partem,
1065 609 1166 644 quam
1182 598 1354 638 solverat,
1376 599 1419 632 ab
1445 599 1577 634 haerede
1594 627 1604 640 ,
1633 603 1729 644 cujus
1748 614 1805 648 pe-

379 658 490 691 riculo
504 657 616 689 cedere
629 654 769 688 deberet
787 648 1030 685 detrimentum
1047 645 1073 679 T
1086 647 1153 681 ursi
1168 647 1300 681 illatum
1320 658 1338 681 a
1355 645 1531 681 Flumine:
1556 659 1633 683 curn
1648 660 1701 682 res
1714 650 1806 684 ami-

378 715 416 738 ce
435 701 589 740 cunponi
611 713 676 735 non
702 706 880 744 potuerit,
904 704 1142 731 convenirunt
1170 695 1203 729 in
1223 694 1449 738 Amplissimos
1478 694 1614 735 Patres,
1641 696 1700 740 qui
1723 707 1807 731 con-

379 749 578 785 troversiam
600 747 779 783 definirent
795 773 803 785 ‚
828 747 972 789 datoque
1000 741 1236 789 postulationis
1256 740 1396 783 hujusce
1425 741 1546 776 libello
1572 755 1589 777 a
1606 741 1782 778 Sodalitio
1797 771 1807 784 ‚

381 802 512 833 auditus
530 795 592 829 fuit
608 795 705 830 R.P.
725 794 758 828 D
784 793 937 839 Caprara
965 791 1035 826 sac,
1054 793 1150 825 Rom
1168 788 1323 824 Auditor
1371 788 1401 822 δι
1418 788 1638 824 primicerius
1651 790 1807 833 eiusdem

382 845 540 879 Sodalitii
558 870 566 881 ,
595 842 652 890 qui
669 841 842 876 luculenta
856 837 998 884 Epistola
1012 865 1022 878 ‚
1046 849 1111 884 qua
1129 835 1276 872 rationes
1300 835 1477 882 utriusque
1494 837 1602 872 Partis
1620 839 1783 884 expendit
1797 865 1808 880 ,

381 892 563 927 secundum
590 889 791 924 Sodalitium
815 885 990 932 respondit
1017 912 1025 921 .
1067 884 1270 931 Proponitui·
1292 883 1502 918 nunc.causa
1529 884 1808 922 Eininentiflimis

383 940 541 974 Patribus
559 938 736 978 judicibus
750 933 927 970 conventis
942 960 950 972 ‚
975 933 1034 979 qui
1052 933 1200 968 rationes
1213 956 1225 969 ‚
1247 943 1320 977 quae
1332 930 1500 966 Sodalitio
1513 932 1653 972 favent,
1678 943 1810 979 cogno-

386 987 476 1022 scere
497 994 659 1030 poterunt
676 996 717 1019 ex
735 982 853 1018 eadem
867 980 1031 1022 epistola:
1059 982 1177 1015 harum
1192 988 1307 1014 autem
1322 978 1467 1013 maxima
1483 1005 1492 1018 ‚
1517 982 1547 1015 ὅ(
1575 981 1746 1028 praecipua
1762 979 1809 1017 est

384 1035 525 1070 fundum
541 1061 550 1074 ,
576 1048 593 1070 e
608 1044 675 1077 quo
690 1032 840 1078 legatum
859 1041 1008 1064 annuum
1023 1027 1243 1074 praestandum
1257 1026 1303 1060 est
1317 1052 1326 1066 ‚
1352 1024 1433 1062 stare
1447 1028 1727 1069 demonllrative,
1740 1039 1808 1064 non

385 1085 550 1117 ronti-ce
563 1108 573 1120 ‚
603 1081 699 1126 idque
713 1077 830 1116 educi,
857 1078 934 1124 quia
957 1077 1109 1123 legatum
1123 1087 1189 1111 non
1204 1073 1328 1120 incipit
1342 1084 1360 1107 a
1377 1073 1472 1108 fundi
1485 1075 1704 1120 aflignaiione
1715 1102 1724 1115 ‚
1740 1086 1809 1123 quo

386 1129 463 1164 casu
477 1128 610 1175 placuit
636 1129 785 1172 legatum
808 1123 872 1159 esse
889 1123 980 1159 fundi
1005 1126 1171 1160 taxative
1200 1122 1334 1160 relicti,
1359 1121 1412 1156 sed
1434 1121 1557 1168 incipit
1581 1124 1627 1159 ab
1641 1135 1747 1159 onere
1775 1123 1810 1158 &

384 1177 536 1219 separata
554 1203 564 1216 ,
590 1173 809 1218 distznclaque
824 1172 979 1206 oratione
997 1170 1149 1217 sequitur
1165 1169 1341 1216 aflignatio
1365 1167 1482 1211 fundi,
1509 1182 1528 1204 e
1549 1171 1643 1213 cujus
1669 1171 1806 1206 redditu

386 1235 536 1258 annuum
556 1230 753 1269 perpetuum
776 1221 927 1265 legatum
944 1217 1090 1264 praestari
1111 1219 1228 1256 debet,
1251 1228 1319 1262 quo
1343 1215 1419 1251 casu
1445 1216 1584 1252 fundum
1614 1221 1701 1255 stare
1727 1220 1807 1264 pla-

389 1270 464 1305 cuit
486 1270 750 1310 demonstrative
771 1267 869 1309 juxta
884 1266 1144 1312 cognitiflimam
1167 1264 1420 1299 distinctionem
1438 1290 1445 1302 ,
1471 1277 1543 1311 quae
1555 1266 1679 1302 cumin
1701 1265 1811 1301 omni-

388 1319 449 1352 bus
469 1317 572 1352 Urbis
589 1314 840 1351 Tribunalibus
854 1323 988 1359 recepta
1003 1313 1108 1348 suerit
1121 1339 1130 1352 ,
1151 1312 1257 1348 nullis
1282 1310 1338 1345 hic
1355 1309 1527 1347 doctorum
1551 1313 1729 1350 hominum
1745 1325 1811 1349 au..

388 1365 610 1400 thoritatibus
635 1363 680 1397 est
706 1360 977 1406 comprobanda.

341 1416 520 1461 Qantum
548 1421 660 1449 tamen
679 1421 720 1446 ex
743 1408 865 1443 eadem
879 1409 1017 1454 epistola
1033 1408 1076 1443 R.
1092 1407 1126 1443 P.
1142 1407 1191 1444 D.
1212 1405 1403 1442 Primicerii
1417 1408 1618 1454 cognoscere
1630 1408 1810 1456 possumus,

391 1464 494 1506 longe
515 1460 615 1495 aliter
633 1457 780 1493 rationes
799 1456 873 1491 suas
888 1457 1059 1502 componit
1073 1454 1311 1501 Gardenghius
1329 1481 1338 1494 ‚
1364 1455 1423 1500 qui
1448 1466 1545 1500 putat
1567 1468 1635 1491 non
1661 1468 1734 1491 eam
1747 1456 1811 1492 effe

387 1507 626 1555 disputandam
645 1504 865 1552 quaestionem
882 1531 892 1543 ‚
917 1516 958 1538 an
977 1503 1096 1539 fundus
1111 1504 1266 1538 taxative
1279 1528 1288 1541 ‚
1309 1501 1365 1536 vel
1382 1501 1643 1540 demonstrative
1663 1504 1812 1551 adfigna-

387 1563 465 1593 tus,
493 1553 737 1599 adscriptusque
763 1551 864 1586 fuerit
881 1563 899 1586 a
920 1550 1102 1586 Testatore
1126 1550 1169 1585 ad
1199 1549 1345 1595 legatum
1370 1550 1588 1594 praestandum
1604 1577 1615 1590 ,
1642 1553 1696 1587 sed
1720 1552 1811 1587 alte-

388 1613 461 1637 ram
475 1629 486 1642 ,
513 1613 553 1635 an
568 1600 780 1637 Sodalitium
795 1597 924 1634 censeri
943 1599 1062 1634 debeat
1089 1603 1139 1633 uti
1164 1608 1272 1631 merus
1293 1596 1487 1633 administer
1504 1625 1513 1637 ‚
1537 1599 1569 1633 &
1594 1608 1787 1644 exequutor
1800 1625 1812 1639 ,

387 1650 446 1683 vel
473 1648 583 1694 potius
611 1659 673 1695 pro
701 1647 868 1694 legatario
893 1647 985 1680 fundi
1004 1646 1097 1680 illius
1114 1646 1300 1680 habendum
1325 1643 1387 1684 fit;
1411 1645 1523 1690 primo
1548 1645 1624 1680 casu
1648 1645 1812 1691 disputari

386 1694 479 1741 poffe
495 1696 709 1742 quaestionem
724 1692 926 1740 propositam
953 1693 1159 1732 taxationis,
1190 1692 1249 1727 vel
1273 1692 1570 1729 demonstrationis
1597 1693 1688 1729 fundi
1713 1707 1720 1727 :
1748 1693 1812 1729 di-

386 1744 521 1778 versum
541 1742 717 1780 secund03
742 1752 821 1774 nain
835 1740 858 1775 si
872 1741 1072 1776 sodalitium
1087 1753 1146 1786 pro
1174 1741 1326 1786 egatario
1350 1740 1540 1785 accipiatur
1554 1769 1564 1782 ‚
1592 1741 1784 1787 periculum
1799 1767 1810 1782 ,

388 1791 423 1824 8(
448 1791 688 1825 detrimentum
720 1789 760 1822 ad
790 1789 994 1834 legatarium
1019 1788 1185 1833 pertinere
1206 1788 1328 1826 debet,
1351 1788 1402 1822 uti
1429 1789 1468 1822 ad
1491 1800 1569 1823 eum
1587 1788 1761 1835 pertinet,
1787 1788 1811 1824 fi

413 1837 468 1872 uid
495 1837 686 1877 commodi,
712 1837 744 1871 &
761 1836 958 1881 compendii
983 1837 1094 1882 accipi
1117 1833 1252 1879 potest,
1276 1843 1333 1869 aut
1361 1834 1487 1880 poterit
1515 1848 1664 1883 unquam
1689 1847 1708 1870 e
1731 1834 1828 1872 fun:

387 1849 460 1924 go,
483 1887 577 1920 aucta
596 1884 681 1920 forte
697 1883 879 1928 pensione,
903 1883 959 1918 vel
982 1894 1049 1929 quo
1074 1883 1144 1917 alio
1169 1881 1293 1916 modo:
1322 1882 1379 1917 An
1400 1891 1512 1917 autern
1539 1894 1597 1927 pro
1621 1881 1809 1930 legatario,

389 1933 448 1967 vel
471 1943 531 1977 pro
555 1931 701 1978 simplici
727 1940 937 1977 exequutore
960 1930 1158 1964 sodalitium
1183 1928 1246 1964 hoc
1273 1928 1350 1965 casu
1387 1930 1425 1965 fit
1449 1930 1682 1975 accipiendum
1704 1955 1714 1968 ‚
1752 1929 1812 1970 Ju-

390 1980 517 2014 dicium
538 1980 604 2014 erit
618 1979 708 2014 Sacri
723 1978 890 2018 Senatus,
914 1978 1084 2024 perspecto
1106 1975 1326 2022 Gardenghii
1353 1977 1513 2016 Libello,
1543 1977 1601 2022 qui
1625 1978 1812 2013 nondum...

391 2028 486 2061 nobis
512 2028 608 2062 datus
626 2026 691 2060 fuit
706 2051 713 2059 .
736 2025 920 2060 Monemus
944 2033 1080 2059 tantum
1101 2024 1208 2059 sedern
1234 2024 1332 2066 hujus
1355 2023 1549 2069 quastioni's
1573 2051 1584 2064 ‚
1610 2035 1709 2070 quam
1733 2036 1813 2060 mo-

391 2083 449 2108 vet
461 2072 702 2119 Gardenghius
720 2099 729 2112 ‚
753 2070 818 2107 effe
845 2073 879 2111 in
895 2071 1130 2119 pulcherrimo
1145 2070 1325 2116 Papiniani
1340 2070 1515 2115 responsu,
1540 2072 1630 2118 quod
1647 2071 1694 2106 est
1721 2074 1756 2107 in
1785 2072 1814 2109 l.

386 2124 536 2166 pecunie
546 2123 675 2164 sortem
692 2120 773 2165 8-ff·
790 2121 829 2155 de
840 2122 1012 2155 Aliment.
1025 2123 1068 2156 Θ·
1094 2118 1203 2154 cibar.
1217 2119 1323 2165 legat.
1351 2119 1407 2153 nbi
1423 2117 1598 2164 distinguit
1614 2118 1704 2153 inter
1726 2130 1815 2154 onus

391 2167 634 2207 succeffivum,
661 2169 1010 2204 &momentaneum;
1037 2164 1083 2201 est
1109 2166 1140 2200 δι
1166 2165 1201 2200 in
1226 2166 1302 2201 aliis
1325 2166 1418 2207 Juris
1444 2166 1549 2205 locis,
1574 2178 1648 2211 quae
1672 2165 1728 2199 hic
1744 2177 1817 2200 non

392 2212 469 2249 sunt
489 2215 724 2260 congreganda
748 2240 758 2253 ,
777 2223 850 2248 tum
870 2214 949 2260 quia
975 2212 1225 2261 sapientiffimis
1248 2213 1405 2248 Patribus
1431 2211 1684 2258 perspecitiffima
1711 2211 1790 2247 sunt
1805 2238 1816 2253 ‚

393 2270 467 2296 tum
481 2261 559 2310 quia
578 2263 709 2342 Foliiiekm
730 2272 797 2297 non
812 2260 917 2298 debet
933 2261 968 2297 in
983 2262 1146 2298 volumen
1158 2260 1351 2296 excrescere
1368 2274 1374 2294 :
1403 2259 1561 2296 Dubium
1577 2268 1706 2298 tamen,
1725 2261 1815 2307 quod

395 2318 619 2355 proponitur,
639 2320 656 2342 e
700 2336 707 2344 .

350 2364 410 2414 ‘A'l
423 2357 701 2447 Ayfissugurris
726 2355 822 2391 molae
847 2359 886 2393 de
907 2369 975 2404 qua
1000 2358 1142 2404 agitur,
1168 2355 1238 2398 stet
1258 2357 1444 2395 tantive,
1466 2355 1527 2390 vel
1550 2353 1813 2398 demonstrative

398 2418 432 2440 ln
454 2416 492 2437 Cal
508 2416 528 2437 lt
601 2416 629 2438 C·

129 2564 237 2603 sesa.
255 2573 314 2601 Μ,
404 2537 600 2584 ‘motem
637 2527 983 2598 REDucrioNis
1019 2544 1273 2582 MisSARUM
1297 2572 1308 2585 ,
1352 2544 1418 2596 er
1467 2542 1818 2580 LissERATionis

110 2604 147 2633 de
159 2615 186 2633 re
201 2623 210 2634 .
429 2588 608 2640 ONERiS
624 2604 630 2623 z
659 2592 908 2637 cognitissima
923 2594 1172 2629 Innocentiam
1185 2591 1464 2632 Constitutione,
1485 2604 1552 2638 qua
1569 2603 1676 2638 parva
1694 2590 1821 2629 Monac.

400 2638 500 2672 steria
519 2635 683 2687 suppressa
708 2638 846 2675 fuerunt
874 2668 885 2682 ‚
920 2639 1127 2687 suppressum
1148 2650 1287 2687 quoqne
1314 2638 1379 2674 fuit
1401 2650 1488 2674 anno
1523 2647 1620 2678 1653,
1645 2644 1821 2683 parvum-5

403 2682 955 2735 CarmelitaruuiMonasterium,
984 2691 1075 2733 quod
1093 2687 1193 2724 situm
1215 2697 1289 2722 erat
1317 2685 1350 2719 in
1367 2686 1477 2732 Pago,
1504 2685 1703 2732 quidicitur
1716 2690 1820 2719 Mun-

399 2732 515 2776 tefune
531 2730 729 2767 Vicariatus
755 2733 866 2771 Castri
894 2734 995 2771 Rivii
1024 2734 1213 2781 Subalpinae
1229 2733 1395 2770 Dioecefis
1419 2732 1623 2774 imolensis,
1647 2731 1832 2812 eiuqupeqs

1757 2787 1814 2812 oni
