1874 2961
282 85 398 156 Die
415 81 702 156 Sabbathi
724 104 821 153 22.
836 76 1089 164 januarii
1119 102 1139 143 1
1155 83 1298 162 746.

357 464 365 470 ⁴
398 461 658 500 IVITATEN.
687 460 816 503 JURIS
844 458 1156 497 MULCTANDI
1176 462 1289 497 :Satis
1309 462 1516 508 perspicue,
1572 467 1758 509 seffi24.g.2;

319 536 321 539 -
336 527 359 537 w
410 512 523 547 omnia
540 537 549 550 ,
576 522 646 556 quae
662 509 693 544 in
708 509 769 543 hac
785 507 897 544 Causa
912 509 1146 554 cognoscenda
1163 507 1239 545 sunt
1253 536 1263 549 ‚
1280 510 1426 557 expressa
1441 509 1515 544 fue·
1552 511 1757 553 Seffizhcqm.

90 571 171 598 runt
184 564 218 597 in
235 564 328 598 Folio
345 560 619 606 Congregationis
638 556 762 591 habitae
774 558 827 592 die
840 567 872 600 4.
901 556 1079 606 pecembr.
1106 560 1185 593 anni
1199 566 1304 605 nuper
1318 557 1491 602 {transabli
1503 581 1515 596 ,
1551 553 1588 583 de
1599 554 1666 594 Res:

90 618 129 645 ut
173 608 296 656 poflint
324 606 581 643 Eminentiflimi
607 602 722 639 Patres
751 602 892 640 Folium
922 601 1012 636 111ud
1043 605 1166 640 iterum
1197 605 1338 651 legere,
1362 616 1434 652 quo
1457 604 1515 640 de-

112 664 231 691 ernant
247 683 255 690 .

48 668 110 740 ΛΞ
121 703 166 747 sit
178 701 332 744 standum
347 727 357 740 ,
383 701 442 737 vel
468 701 683 736 recedendum
712 711 731 732 a
748 696 876 740 'decifis
902 699 937 733 in
963 699 1038 742 casu
1062 703 1138 736 ἅτ.

141 772 288 837 Dilata,
311 796 343 833 ἃ
361 802 567 842 proponatur
585 794 726 831 omnino
741 792 777 827 in
789 792 896 840 prima
909 790 980 838 post
994 792 1152 831 Cineres.

145 944 219 980 OM
228 945 335 996 ᾼΝΑ
359 943 837 982 CAPPELLANIARVM:
861 942 1031 994 Proposita
1056 946 1124 982 suit
1152 941 1187 982 in
1202 945 1512 996 congregationea
1551 951 1758 993 &spu-Decr-

158 992 273 1027 habita
288 996 341 1030 die
356 1003 388 1037 7.
404 993 585 1030 Februarii
597 997 677 1030 anni
693 992 920 1044 :yffi-Causa
947 995 1098 1045 Romana
1114 995 1261 1041 Legati,
1289 997 1323 1031 in
1348 1009 1414 1043 qua
1439 996 1512 1031 duo
1550 996 1585 1024 de
1607 994 1698 1038 evin?
1721 996 1756 1023 Θ·

94 1039 165 1074 hacc
177 1041 288 1091 capita
305 1039 584 1087 disputabantur.
613 1042 641 1076 1.
672 1042 728 1076 An
749 1038 856 1076 Mxsrae
880 1041 1048 1078 ordmatae
1074 1043 1106 1078 in
1123 1041 1341 1079 Testamento
1365 1046 1418 1080 bo.
1444 1055 1512 1079 me.
1550 1033 1657 1073 ὤμω·
1677 1041 1758 1078 '3¹⁶‘-

93 1085 261 1122 Canonic1
276 1087 402 1133 Pasqua
418 1087 590 1123 celebran.
607 1088 640 1122 in
656 1086 795 1124 Bafilica
815 1086 874 1124 SS.
889 1087 1085 1130 Laurentii,
1110 1090 1143 1124 δι
1167 1089 1303 1125 Damasi
1330 1103 1390 1137 per
1415 1091 1510 1137 Cap·
1548 1076 1619 1109 lebr.
1640 1071 1722 1112 ΜΨ·

90 1133 428 1180 pellanosChorales
443 1135 586 1177 ejusdem
612 1136 756 1170 ssafilicae
776 1136 818 1170 ob
837 1135 1065 1174 deficientiam
1078 1164 1089 1178 ,
1122 1136 1190 1172 five
1212 1137 1514 1184 incapacitatem„

89 1181 191 1225 nnius
210 1208 220 1221 ,
244 1182 302 1216 vel
318 1182 465 1226 plurium
481 1183 558 1217 dict.
573 1182 862 1229 Cappellanorum
881 1185 1090 1221 celebrandae
1105 1183 1168 1219 ssnt
1192 1195 1250 1229 per
1268 1183 1509 1226 Beneficiatos,

34 1235 37 1241 '
85 1227 246 1263 'Clericos
261 1227 506 1268 Beneficiatos,
533 1230 564 1263 8<
581 1229 816 1276 Cappellanos
835 1230 1012 1266 Valtrinos
1026 1257 1035 1271 ,
1058 1233 1091 1267 &
1107 1240 1272 1277 quatenus
1295 1232 1512 1269 affirmative.

90 1273 138 1307 Π.
154 1276 211 1310 An
228 1274 448 1322 Eleemosyna
464 1274 642 1311 Missarum
667 1276 828 1311 solvenda
846 1277 1046 1323 supradictis
1077 1277 1290 1314 Beneficiatis
1315 1306 1324 1319 ‚
1353 1281 1384 1314 &
1413 1280 1512 1326 Cap-

87 1322 233 1368 pellanis
250 1323 419 1357 Valtrinis
434 1323 579 1358 taxanda
594 1323 632 1357 sit
645 1325 683 1357 ad
697 1324 872 1358 rationem
888 1325 968 1364 Julii
985 1326 1085 1361 unius
1103 1351 1113 1364 ‚
1140 1324 1208 1360 five
1220 1326 1404 1361 obulorum
1426 1326 1511 1361 sex-

88 1371 199 1406 decim
213 1383 291 1405 eum
303 1369 443 1404 dimidio
457 1381 517 1415 pro
530 1370 683 1417 qualibet
699 1369 796 1405 Missa
811 1370 906 1412 juxta
927 1371 1178 1416 dispofitionem
1191 1372 1362 1408 Canonici
1380 1373 1511 1420 Pasqua

87 1417 124 1451 in
135 1416 213 1453 casu
226 1417 290 1452 &a
307 1417 358 1452 his
374 1417 505 1453 Dubiis
529 1417 719 1463 responsum
743 1416 808 1451 fuit
829 1420 870 1451 ab
892 1419 1167 1455 Eminentifflmis
1185 1419 1362 1454 Patribus:
1393 1423 1453 1455 Ad
1479 1425 1506 1455 Ι.

90 1466 336 1510 Affirmative:
367 1466 427 1499 Ad
442 1469 486 1499 II.
510 1468 673 1511 negative
687 1466 796 1511 quoad
813 1467 962 1511 primam
983 1475 1119 1513 partem
1136 1491 1147 1504 ‚
1172 1471 1215 1504 Θ
1236 1467 1442 1511 affirmative
1466 1467 1510 1504 ad

83 1514 278 1557 secundam,
293 1522 331 1547 ut
345 1511 549 1557 cognoscere
564 1520 726 1558 poterunt
742 1511 947 1556 Amplissimi
961 1513 1076 1549 Patres
1090 1526 1131 1549 ex
1147 1515 1222 1549 Vol.
1238 1518 1327 1547 XIII.
1347 1515 1507 1554 Thesaur.

95 1559 200 1604 Resbl.
218 1565 291 1594 δατ.
310 1565 467 1605 congreg.
485 1567 568 1605 pag.
582 1570 636 1605 43.
656 1558 726 1603 post
747 1559 816 1593 haec
829 1559 980 1604 responsa
997 1559 1194 1595 Beneficiati
1209 1584 1218 1598 ‚
1244 1559 1375 1595 Clerici
1393 1560 1508 1594 Bene-

92 1603 223 1644 ficiati‚
247 1608 277 1641 &
291 1605 496 1652 cappellani
511 1605 661 1658 Valtri'ni
675 1630 685 1643 ,
714 1606 805 1640 adito
822 1605 1010 1642 Tribunali
1030 1609 1082 1659 -A.
1096 1608 1136 1642 C.
1162 1618 1280 1659 eorum
1301 1607 1506 1658 exequutio-

89 1665 169 1734 ἓξὲξ
182 1652 675 1742 &affixit'23:13315'33551‘3535
679 1663 760 1746 5¹33
763 1653 877 1735 {blfs‘aa
888 1653 1078 1737 {231325335
1097 1654 1507 1747 {ailuleffelisstffrssmissl

91 1757 164 1782 tum
188 1747 255 1782 fuit
271 1748 344 1789 ius,
370 1748 401 1782 δι
419 1747 564 1783 facultas
586 1748 735 1792 eligendi
752 1747 983 1793 Cappellanos
999 1748 1188 1787 Chorales‚
1215 1747 1274 1793 qui
1300 1748 1392 1784 sacra
1419 1760 1505 1795 age-

89 1801 167 1829 rent
180 1820 190 1833 ‚
214 1795 246 1829 &
264 1794 415 1829 Michael
434 1796 623 1841 Bordragus
636 1793 866 1840 Cappellanus
883 1797 924 1829 ab
949 1795 1063 1829 iisdem
1077 1794 1262 1830 canonicis
1288 1795 1410 1830 dudum
1428 1798 1504 1831 ele—
1534 1837 1539 1842 ,

91 1843 161 1876 Ctus
174 1865 184 1879 ‚
209 1841 350 1888 ejusque
365 1841 599 1889 Cappellaniae
613 1842 719 1876 titulo
735 1841 833 1876 sacris
847 1841 1035 1876 Ordinibus
1051 1841 1244 1876 honestatus
1256 1867 1266 1880 ‚
1277 1852 1378 1889 atque
1391 1843 1501 1877 etiam

87 1889 247 1924 Clericus
265 1888 463 1924 Franciscus
478 1890 573 1924 Rota
591 1887 827 1934 Cappellanus
840 1888 994 1923 similiter
1006 1890 1171 1936 probatus
1185 1914 1197 1928 ,
1222 1889 1280 1934 qui
1294 1901 1410 1924 omnes
1426 1915 1436 1928 ‚
1463 1899 1503 1924 ut

87 1945 171 1980 opus
189 1945 262 1970 erat
275 1962 284 1975 ‚
313 1946 380 1970 non
400 1935 534 1971 fuerant
549 1936 588 1972 ad
601 1935 772 1976 Judicium
783 1935 897 1971 vocati
909 1962 920 1976 ‚
937 1937 1102 1971 continuo
1118 1937 1290 1982 petierunt
1309 1962 1319 1976 ‚
1345 1937 1377 1971 δι
1389 1945 1427 1971 ut
1441 1947 1502 1981 par

87 1990 160 2016 erat
173 2007 184 2020 ‚
210 1983 435 2028 impetrarunt
452 1983 654 2018 facultatem
678 1982 750 2024 iura
765 1981 821 2017 sua
837 1984 936 2018 sacro
950 1981 1031 2018 huic
1045 1982 1235 2018 Tribunali
1264 1983 1501 2030 proponendi.

88 2029 192 2064 Nunc
214 2029 321 2074 igitur
344 2030 424 2065 dato
449 2029 568 2065 libello
584 2029 758 2076 postulant
782 2030 892 2076 primo
917 2030 1026 2076 capite
1046 2030 1220 2065 retraetari
1243 2029 1440 2071 judicium,
1465 2031 1503 2066 Sc

86 2081 126 2110 ut
149 2075 413 2111 Eminentissimi
442 2078 561 2112 Patres
591 2077 788 2112 sententiam
810 2086 940 2112 mutent
954 2104 962 2116 ‚
989 2077 1101 2112 altero
1122 2088 1202 2111 vero
1228 2076 1336 2122 capite
1353 2087 1501 2112 conten-

89 2123 172 2156 dunt
186 2123 419 2170 Cappellanos
432 2124 598 2159 Chorales
613 2124 736 2159 eleetos
750 2150 759 2162 ‚
787 2124 844 2169 qui
861 2124 915 2159 vel
932 2124 1088 2159 absentiae
1101 2151 1110 2164 ‚
1135 2123 1188 2159 vel
1208 2124 1273 2158 alia
1289 2123 1408 2170 quavis
1419 2136 1498 2160 cau-

88 2170 121 2205 sa
136 2169 227 2205 sacra
243 2181 344 2216 agere
370 2171 600 2216 nonpossint,
624 2171 819 2207 facultatem
842 2171 966 2206 habere
989 2182 1071 2206 onus
1088 2170 1297 2205 aTestatore
1311 2170 1500 2211 iniunctum

89 2217 250 2263 implendi
278 2229 339 2263 per
360 2217 466 2258 alios,
490 2230 572 2264 quos
597 2218 659 2266 ipfi
679 2218 813 2257 velint,
834 2218 1046 2260 Sacerdotes,
1067 2229 1174 2263 neque
1195 2217 1286 2264 adigi
1310 2216 1400 2264 posse
1415 2245 1424 2256 ,
1459 2228 1499 2253 ut

87 2273 231 2298 utantur
247 2263 464 2300 Beneficiatis
478 2292 487 2305 ,
513 2266 543 2300 &
564 2265 786 2311 Cappellanis
803 2265 969 2300 Valtrinis
982 2292 991 2305 ‚
1013 2265 1073 2311 qui
1087 2277 1106 2299 a
1121 2264 1302 2300 Testatore
1329 2263 1499 2310 designati

87 2310 254 2351 fuerunt,
278 2324 318 2347 eo
342 2313 518 2347 dumtaxat
542 2314 638 2353 casu,
661 2324 728 2359 quo
752 2311 872 2347 electio
895 2313 1183 2359 Cappellanorum
1205 2311 1405 2346 Choralium
1421 2312 1496 2347 asta

90 2369 157 2392 non
172 2357 303 2401 sufflet,
327 2358 384 2394 vel
407 2359 525 2399 irrita,
550 2361 629 2407 quia
648 2372 718 2396 non
739 2359 843 2394 essent
872 2359 1007 2400 idonei,
1038 2368 1076 2394 ut
1100 2359 1219 2393 diserte
1239 2358 1307 2392 sese
1333 2355 1497 2393 Testato-

87 2415 159 2438 rem
173 2406 346 2451 explicare
363 2405 457 2448 ajunt
474 2431 484 2442 .
501 2407 673 2453 Perpenfis
696 2408 810 2453 itaque
834 2406 948 2442 verbis
963 2405 1174 2441 Testamenti
1189 2429 1198 2441 2
1225 2404 1332 2454 iisque
1348 2406 1499 2440 rationi-

89 2451 150 2486 bus
163 2476 173 2490 2
194 2464 267 2497 quae
283 2454 318 2488 in
345 2453 408 2489 hoc
432 2453 553 2490 libello
570 2464 802 2500 proponuntur
815 2478 826 2492 ,
848 2453 921 2495 jura
944 2464 1087 2498 namque
1102 2449 1388 2486 Benefic1atorum
1401 2451 1496 2486 Col-

87 2497 172 2544 iegii
187 2499 335 2535 Valtrini
351 2500 510 2537 haetenus
536 2512 603 2536 non
623 2502 823 2540 habuimus,
850 2501 881 2534 &
906 2501 1056 2545 repetita
1085 2502 1215 2534 demum
1240 2497 1384 2533 lefflone
1403 2500 1496 2535 Folia*

84 2548 204 2595 primae
219 2548 460 2594 ‘Propofitionis
473 2548 573 2595 hujus
590 2550 692 2592 Causae
706 2574 716 2588 ,
744 2545 955 2593 Amplissimi
980 2546 1015 2580 P.
1032 2545 1238 2593 respondere
1264 2553 1444 2589 poterunt.

44 2595 71 2632 I.
99 2593 154 2628 An
177 2590 219 2642 *stt
243 2593 392 2630 standum
418 2595 478 2632 vel
502 2596 730 2633 recedendum
753 2606 771 2630 a
798 2592 928 2630 Decifis
948 2621 957 2634 ‚
983 2594 1014 2628 &
1038 2602 1204 2639 quatenus
1230 2591 1434 2628 affirmative
1453 2591 1499 2628 ad-

135 2650 275 2686 pnmam
295 2651 448 2685 partem.

178 2691 343 2727 ToerV.
997 2687 1030 2722 A
1432 2685 1492 2720 An
