1883 2907
337 75 356 112 8
394 123 577 171 Qqntum
595 120 690 159 refle
702 123 948 170 dispensandis
961 124 1221 166 Ecclefiasticis
1251 131 1487 176 muneribus,
1518 134 1802 178 administranda».

345 173 501 217 justitia),
519 175 775 223 componendis
792 175 954 218 dissidiis,
971 181 1269 230 continendisque
1284 184 1318 218 in
1330 183 1453 218 officio
1470 186 1630 225 Clericis
1645 192 1801 240 profice-

339 236 393 264 ret
408 225 635 262 saluberrima
650 226 900 273 proemiss'arum
916 227 1036 274 legum
1054 230 1232 269 institutio
1245 261 1255 276 ‚
1276 234 1360 272 satis
1387 234 1563 286 superque
1575 245 1798 289 experientia

337 278 601 324 comperuimus
617 304 627 320 ‚
642 290 720 314 cum
738 279 1002 315 Anconitanam
1023 283 1177 328 primum
1195 285 1386 323 Ecclesiam
1404 313 1416 329 ‚
1446 299 1486 324 ac
1518 288 1646 328 deinde
1676 295 1797 331 Bono,

332 328 485 364 niensem
515 329 687 377 Sponsam
716 327 868 364 nostram
897 339 1044 376 paterna
1070 334 1248 372 charitate
1277 340 1442 375 cominus
1466 340 1768 388 ampleeteremur
1784 361 1796 384 ε

332 381 432 417 Preti
465 379 631 427 liquidem
649 380 709 416 dd.
726 382 845 424 legum
861 379 1021 428 praefidio
1037 382 1240 430 Digniores
1261 389 1449 426 Parochiis
1466 418 1476 433 ‚
1497 393 1532 428 8<
1550 405 1644 430 curas
1660 398 1800 434 anima-

335 444 411 467 rum
431 430 652 477 prazfecimus
670 443 679 464 :
698 430 885 479 Tantaque
900 460 910 475 ‚
932 430 1164 473 benedicente
1182 438 1342 476 Domino
1361 468 1372 484 ‚
1389 441 1426 476 id
1440 445 1573 480 accidit
1593 448 1794 486 animorum

333 481 567 524 consensione,
583 489 623 517 ut
639 492 742 516 nemo
759 483 904 529 questus
921 484 1153 526 fit‚traditum
1170 492 1286 527 minus
1303 492 1428 539 Digno
1447 494 1602 531 celsioris
1621 498 1694 534 loci
1708 512 1797 547 pra:-

332 535 455 572 mium,
474 532 527 567 vel
541 532 757 579 minusjuste
774 535 876 571 alteri
891 535 1029 573 credita
1047 544 1209 579 vacantis
1229 543 1391 581 Ecclefiae
1407 546 1653 589 gubernacula
1670 577 1680 587 .
1711 554 1763 588 At
1779 577 1790 593 ‚

330 585 418 632 quia
430 584 537 618 certis
550 582 781 620 admonemur
793 587 938 624 indiciis
956 615 967 631 ‚
983 601 1052 625 non
1068 592 1120 629 ita
1136 594 1171 630 id
1188 596 1270 633 aliis
1288 597 1482 644 Episcopis
1497 599 1700 644 contigisse,
1716 604 1792 639 imo

330 648 400 671 non
417 634 607 682 deesse‚qui
625 636 778 681 privatis
795 637 935 687 abrepti
950 638 1089 686 studiis,
1107 645 1195 692 saepe
1210 648 1392 687 declinare
1407 673 1418 689 ,
1439 660 1481 684 ac
1500 649 1720 696 redarguere
1731 657 1792 702 Ju-

326 687 461 724 dicium
493 684 707 733 Episcopale
741 689 974 734 praesumant:
1003 693 1088 731 Nos
1118 708 1315 745 propterea
1344 699 1478 736 soliciti
1508 701 1552 734 dc
1581 701 1790 750 implendis,

327 746 435 785 prout
449 736 551 772 decet
568 764 578 779 ‚
597 738 750 775 muneris
765 739 873 777 nostri
891 743 1056 789 partibus
1070 773 1081 789 ‚
1111 751 1283 788 nonnulla
1295 752 1455 801 praefatis
1467 750 1583 788 literis
1602 753 1765 792 addenda
1777 783 1790 801 ‚

324 788 496 823 nonnulla
509 799 594 824 vero
610 791 722 826 tacite
735 817 746 834 ‚
766 791 993 844 breviterque
1008 799 1140 835 ibidem
1161 804 1310 849 tradita,
1327 802 1463 841 clarius
1482 803 1697 850 explicanda
1711 819 1792 844 cen—

327 838 474 882 suimus,
490 848 529 875 ut
541 839 636 876 reae
646 844 765 878 omnia
781 870 791 886 ‚
821 855 931 894 atque
947 857 991 882 ex
1008 850 1135 886 ordine
1147 865 1392 900 peragantur.

376 890 560 938 Merentes
575 892 692 938 igitur
708 894 935 941 audivimus,
954 901 1053 947 quod
1069 904 1101 939 in
1120 905 1299 954 plerilque
1319 906 1546 944 Dioecefibus
1560 905 1621 942 etfi
1639 917 1786 956 recepta

324 940 362 977 fit
384 942 575 977 laudabilis
592 970 603 985 ‚
622 944 841 995 firmiterque
858 947 1089 991 custodienda
1115 959 1337 995 consuetudo
1367 962 1401 995 in
1421 957 1564 1005 scriptis
1592 959 1786 1006 redigendi

322 1004 468 1028 examen
490 998 777 1033 concurrentium
795 1011 804 1034 :
824 999 1074 1043 Nihilominus
1090 1011 1377 1048 examinatorum
1407 1007 1576 1055 suffragia
1593 1011 1628 1045 in
1651 1010 1724 1047 sola
1738 1012 1783 1047 li-

321 1053 474 1079 terarum
491 1046 621 1093 peritia
637 1048 822 1086 versantur
836 1078 847 1093 ‚
865 1064 930 1088 nec
945 1054 1087 1094 illorum
1106 1061 1310 1109 exquiritur
1326 1062 1493 1099 sententia
1509 1060 1552 1097 de
1567 1061 1783 1100 clericorum

321 1103 421 1131 aetate
437 1123 448 1138 ,
467 1095 701 1142 institutione,
723 1103 909 1146 gravitate
924 1132 934 1147 ,
952 1107 986 1142 8<
1002 1108 1182 1148 honestate
1197 1124 1335 1150 morum
1349 1141 1360 1156 ,
1395 1112 1586 1162 prudentia
1606 1139 1616 1154 ,
1648 1115 1782 1151 muniis

322 1154 427 1182 antea
445 1149 610 1185 exercitis
628 1164 638 1195 ς
658 1151 691 1186 8<
712 1164 752 1188 an
770 1155 859 1190 tales
874 1155 1015 1196 demum
1031 1160 1095 1198 fint
1110 1191 1120 1206 ‚
1135 1167 1198 1211 qui
1216 1177 1301 1201 oves
1317 1167 1399 1203 suas
1414 1163 1540 1206 verbo,
1556 1164 1591 1199 &
1609 1166 1780 1212 exemplo

319 1198 445 1245 juvare
461 1198 586 1245 poffint
600 1229 608 1237 .
637 1202 756 1251 Quam
772 1206 876 1242 devia
893 1207 932 1244 fit
946 1210 1144 1255 hujusmodi
1174 1218 1296 1264 praxis
1315 1230 1333 1252 a
1350 1216 1555 1253 Tridentini
1570 1214 1691 1252 semna
1707 1243 1718 1259 ν
1748 1218 1781 1253 ῑὸ

320 1250 425 1296 plane
445 1251 623 1297 intelliget
637 1280 648 1295 ‚
680 1257 744 1302 qui
761 1257 938 1304 expendet
961 1266 1071 1302 verba
1089 1264 1199 1306 relata
1215 1268 1466 1316 c.18.sess.24.
1482 1269 1525 1302 de
1539 1266 1609 1313 ref.
1626 1268 1780 1304 Perfusio

326 1301 452 1337 deinde
468 1308 629 1339 examine
642 1311 904 1346 renuntientur
915 1323 1140 1365 quotcumque
1168 1323 1213 1356 ab
1228 1320 1287 1356 his
1309 1321 1431 1357 idonei
1445 1319 1617 1364 judicati
1630 1322 1779 1368 fuerint

324 1353 486 1394 moribus,
506 1354 676 1400 άοῖῖνὶκα,
689 1362 904 1404 prudentia,
919 1363 958 1404 ἐῢ·
971 1367 1060 1403 aliis
1074 1373 1178 1406 rebus
1192 1373 1241 1408 ad
1254 1382 1440 1408 vacantem
1456 1370 1638 1415 Ecclefiam
1649 1373 1780 1419 guber-

320 1406 469 1441 nandum
486 1413 690 1451 opportunis*
705 1438 713 1445 .
731 1411 842 1458 quue
858 1414 970 1460 probe
983 1419 1130 1458 noscens
1145 1421 1334 1469 Congreg.
1365 1423 1520 1464 eiusdem
1536 1423 1701 1458 Concilii
1725 1426 1780 1460 in-

330 1463 468 1500 terpres
485 1456 617 1502 pluries
633 1460 772 1504 edixit,
799 1465 1059 1507 examinatores
1073 1472 1135 1509 suo
1150 1473 1262 1511 deesse
1276 1475 1445 1517 muneri„
1469 1473 1493 1509 fi
1505 1473 1678 1510 doetrinae
1694 1484 1776 1512 tan-

318 1514 393 1540 tum
409 1506 554 1553 .l⁰d³CeS
569 1511 674 1548 effent
686 1539 696 1554 ,
729 1526 794 1550 nec
810 1515 1031 1563 inquirerent
1044 1550 1054 1565 ,
1083 1526 1147 1571 qui
1159 1537 1232 1572 prae
1246 1524 1328 1561 aliis
1344 1525 1530 1571 probitate
1546 1536 1698 1569 morum,
1721 1527 1777 1564 la-

319 1556 472 1592 boribus
488 1585 498 1601 ,
516 1561 669 1605 praestito
684 1575 787 1602 antea
805 1565 967 1605 Eccleliae
979 1572 1154 1623 obsequio
1171 1603 1181 1619 ‚
1209 1578 1412 1624 caeterisque
1429 1576 1581 1612 dotibus
1614 1577 1658 1613 ad
1687 1577 1778 1613 Offi-

315 1610 409 1642 cium
428 1608 578 1647 Parochi
593 1617 772 1656 cumulate
796 1617 998 1663 obeundum
1025 1628 1227 1664 neceffariis
1243 1655 1255 1673 ‚
1283 1627 1390 1665 essent
1419 1627 1542 1669 idonei
1559 1653 1573 1673 ‚
1601 1628 1637 1665 &
1667 1640 1775 1667 ‘20⁰¹-

317 1659 537 1698 mendabiles
550 1692 560 1702 .

372 1710 551 1750 Absoluto
567 1723 740 1767 examine,
756 1735 796 1762 ut
813 1729 941 1777 cuique
956 1730 1038 1767 satis
1053 1744 1275 1781 compertum
1293 1731 1366 1777 ests
1383 1733 1422 1772 fit
1437 1735 1686 1773 tantummodo
1705 1746 1771 1782 ΡΟ·

317 1758 425 1818 test-as
442 1770 749 1811 examinatoribus
769 1782 993 1817 renuntiandi
1022 1796 1202 1835 quotquot
1225 1786 1389 1835 regendae
1421 1786 1585 1824 Ecclefiae
1615 1787 1766 1823 idoneos

312 1813 555 1874 judicaverint
570 1848 580 1863 ‚
611 1826 786 1865 reservata
805 1833 864 1867 uni
882 1832 1067 1880 Episcopo
1084 1838 1258 1877 elcftione
1277 1840 1473 1883 Dignioris
1488 1865 1499 1880 2
1529 1837 1764 1886 quemadmO·

313 1863 397 1898 dum
420 1865 587 1907 sancuum
604 1874 652 1909 est
668 1890 686 1913 a
702 1878 918 1920 Tridentino
933 1886 1006 1924 illis
1023 1889 1167 1927 verbis:
1200 1892 1258 1927 Ex
1270 1891 1395 1938 Iusque
1413 1890 1608 1937 Epzscopus
1628 1889 1761 1935 eligat,

315 1924 414 1972 quent
429 1925 562 1957 cacteris
578 1932 691 1972 magis
708 1933 869 1969 idoneum
877 1937 1104 1984 judicaverit
1120 1969 1128 1976 .
1164 1943 1216 1978 At
1236 1942 1259 1976 fi
1288 1952 1393 1989 quem
1426 1941 1639 1976 clericorum
1666 1941 1766 1977 ,forte

314 1973 509 2012 contigerit
525 1979 705 2021 appellare
723 1994 741 2016 a
757 1985 848 2020 mala
865 1988 1041 2025 relatione
1056 1993 1339 2027 examinatorum
1357 2017 1367 2033 ,
1382 2001 1536 2039 quorum
1551 2003 1640 2028 Cura
1658 1993 1763 2028 unice

312 2017 449 2074 versata
463 2021 622 2063 fueritin
637 2034 855 2081 exquirenda
871 2038 1036 2077 doetrina
1048 2068 1056 2080 ‚
1091 2054 1157 2078 non
1172 2042 1268 2078 saffra
1285 2054 1355 2078 uno
1370 2042 1567 2091 eodemque
1595 2052 1761 2092 ternpore

312 2065 431 2124 s⁰les,t¹
443 2075 547 2109 etiam
563 2077 834 2131 investigatione
849 2090 998 2127 aliarum
1013 2094 1230 2138 qualitatum
1247 2120 1258 2136 ,
1287 2106 1363 2143 quae
1383 2093 1535 2141 pastoris
1550 2102 1755 2140 congruant

314 2116 458 2177 officio:
486 2125 588 2163 Ordo
598 2133 727 2179 judicii
744 2137 949 2178 secumferet
966 2170 976 2185 ,
993 2152 1034 2178 ut
1049 2145 1156 2181 etiam
1169 2146 1289 2193 Judex
1301 2173 1311 2189 ‚
1334 2147 1377 2182 ad
1391 2157 1498 2194 quem
1512 2154 1754 2192 provocatum

311 2167 406 2225 fun?
432 2184 465 2208 '⁰
482 2174 553 2211 sola
567 2182 738 2223 doarinae
765 2189 931 2237 indagine
955 2196 1195 2240 immoretur;
1225 2197 1309 2234 Nec
1341 2197 1410 2232 fine
1436 2197 1540 2241 gravi
1554 2197 1755 2233 animarum

308 2217 523 2261 detrimento
537 2257 548 2272 ‚
580 2233 614 2267 &
643 2236 838 2285 disciplinae
865 2244 996 2291 injuria
1021 2247 1236 2292 praeficiatur
1251 2247 1415 2283 Ecclefiae
1429 2248 1491 2295 qui
1507 2248 1623 2283 literis
1639 2249 1758 2295 magis

310 2269 450 2316 pollet,
481 2278 567 2317 licet
580 2294 706 2322 caetera
722 2292 836 2327 minus
851 2304 981 2339 aptus,
1014 2299 1047 2333 8<
1065 2297 1279 2346 quandoque
1297 2298 1467 2344 indignus
1489 2315 1500 2345 ;
1529 2301 1672 2336 Contra
1691 2313 1762 2338 ·ve-

309 2331 350 2375 19
367 2332 522 2366 arceatur
535 2334 594 2369 ille
610 2363 620 2376 ‚
636 2339 699 2385 qui
713 2339 800 2376 licet
814 2343 928 2391 impar
943 2346 1113 2384 doctrinae
1129 2351 1255 2386 merito
1272 2377 1283 2393 ‚
1300 2359 1456 2384 attamen
1469 2350 1654 2398 moribusl,
1672 2365 1759 2399 gra-

305 2380 417 2433 vitate
431 2404 442 2419 ,
472 2386 659 2428 prudentia
676 2416 686 2432 ‚
720 2391 876 2436 probato
892 2399 1035 2435 nomine
1050 2427 1061 2443 ‚
1088 2400 1262 2438 diuturno
1292 2400 1453 2438 Ecclesiae
1483 2404 1658 2441 famulatu
1673 2432 1684 2448 ‚
1716 2417 1760 2441 ae

307 2427 496 2472 multiplici
513 2437 685 2476 virtutum
702 2442 805 2478 laude
821 2448 992 2492 praecellit
1008 2479 1016 2488 .

306 2517 333 2559 s
358 2476 505 2518 Ffflstum
522 2498 687 2531 praeterea
706 2493 789 2530 satis
806 2498 1030 2544 extirpandis
1042 2503 1204 2542 abusibus
1230 2517 1298 2542 non
1328 2505 1470 2544 videtur
1483 2536 1493 2552 ,
1531 2509 1555 2544 fi
1571 2515 1643 2543 tam
1664 2505 1759 2556 Epi-

307 2537 438 2579 ,0οΡηδ
454 2557 476 2589 ,ι
489 2546 593 2581 quarn
609 2545 866 2583 examinatores
881 2552 1081 2598 conjunetis
1100 2555 1224 2593 studiis
1239 2585 1250 2601 ‚
1285 2557 1463 2596 industriae
1478 2571 1610 2598 nervos
1626 2571 1749 2595 omnes

305 2577 518 2637 lntenderint
533 2587 566 2621 in
582 2593 793 2644 conferenda
809 2603 980 2638 concordi
993 2605 1135 2651 judicio
1163 2608 1320 2646 Ecclesia
1349 2611 1505 2657 personae
1517 2640 1528 2656 ‚
1555 2620 1634 2662 quae
1667 2611 1756 2646 licet

305 2626 451 2667 seientla
470 2659 479 2677 ‚
513 2636 547 2671 8<
565 2638 674 2678 literis
691 2646 792 2682 alteri
808 2653 980 2690 concedat
1000 2682 1010 2698 ‚
1029 2657 1158 2704 majori
1173 2668 1289 2697 tamen
1307 2669 1515 2701 exterarum
1533 2664 1751 2714 qualitatum

1629 2723 1759 2750 el'sslnet
