1946 2961
68 123 142 169 seffi
151 131 202 169 ¹5⁹.
216 135 300 167 c.t9.

65 174 100 207 de
117 174 236 218 Regni.

385 88 426 119 30

336 121 680 209 VALleOLE
691 121 834 156 ΓΑΝΛ
854 135 862 155 =
891 120 1004 156 Morte
1032 120 1276 168 Christophori
1292 121 1332 154 de
1362 120 1494 158 Alonso
1509 122 1647 159 vacavit
1663 131 1752 157 anno
1768 129 1862 162 ¹⁷42·

466 168 666 208 Beneficium
696 168 987 215 jurispatronatus
1014 169 1196 204 Laicorum
1213 168 1357 204 erectum
1379 168 1414 202 in
1437 169 1633 206 parochiali
1660 167 1805 204 Ecclesia
1829 168 1863 203 S.

381 217 522 261 Joannis
535 220 573 252 de
601 220 709 266 ‘Nacu
726 219 827 263 Regis
842 243 851 256 ,
876 229 971 264 quae,
1003 228 1068 251 una
1086 215 1132 251 est
1146 229 1188 252 ex
1202 214 1451 262 vigintinovem
1476 216 1582 252 Villis
1600 243 1610 256 ,
1656 218 1752 252 uibus
1768 227 1863 252 com-

380 264 518 311 ponitur
546 263 699 302 Abbana
715 272 909 310 nuncupata
929 267 1064 300 Medina
1076 265 1132 300 del
1148 270 1264 312 campo
1290 261 1346 299 fita
1365 262 1399 296 in
1417 261 1566 298 Dioecest
1586 264 1637 298 Va
1659 263 1834 299 tisoletana
1856 288 1866 299 .

380 311 444 346 fia:
473 310 581 345 Vilice
605 311 680 345 suas
703 311 830 346 habent
847 311 1060 346 Parochiales
1086 310 1248 347 Ecclefias
1264 337 1273 351 ,
1302 311 1336 345 in
1349 321 1487 357 quarum
1504 310 1654 356 qualibet
1671 310 1766 356 plura
1782 311 1863 347 fun-

381 359 462 392 data
476 357 553 392 sunt
581 356 774 397 Beneficia,
800 370 873 405 quae
903 369 989 394 onus
1015 359 1141 393 habent
1162 361 1330 393 adnexum
1344 356 1522 404 praestandi
1552 357 1729 393 servitium
1748 358 1861 396 Sacris

382 403 538 440 Eectefiae
554 405 802 441 Fundionibus
819 432 826 440 .
854 406 1081 441 Praesentatus
1106 405 1172 440 suit
1184 408 1225 440 ad
1243 415 1366 440 vacans
1383 403 1594 440 Beneficium
1609 405 1763 441 Clericus
1779 407 1861 442 Do-

383 452 527 488 minicus
552 452 753 497 Rodriquez
779 453 1030 500 Qadrillero‚
1055 453 1137 498 qui,
1166 463 1247 487 cum
1274 464 1331 498 per
1361 451 1451 499 leges
1474 452 1629 488 annarias
1654 451 1862 490 Beneficium

384 498 507 545 assequi
539 512 603 535 non
625 499 735 548 poss'et
749 525 760 538 ,
782 500 918 534 veniam
930 501 1040 535 aetatis
1062 500 1265 545 impetravit
1281 501 1321 535 ab
1352 499 1494 546 Optimo
1511 499 1734 544 Maximoque
1750 499 1861 535 Prin-

383 548 459 592 cipe
479 547 591 583 nostro
608 573 618 586 ‚
644 548 674 581 δι
689 547 890 593 facultatem
907 547 1113 593 percipiendi
1127 559 1245 582 omnes
1263 546 1387 582 fructus
1410 545 1557 590 ejusdem
1572 546 1732 582 Beneficii
1747 571 1756 581 .
1784 549 1861 584 Hac

383 593 488 629 venia
503 596 684 642 impetrata
699 619 710 633 ,
735 593 889 629 obtinuit
909 596 949 629 ab
975 594 1138 641 Episcopo
1155 593 1422 634 institutionem,
1448 595 1479 628 &
1511 592 1672 630 Beneficii
1691 594 1861 641 poffeflio-

383 652 463 676 nem
482 643 594 676 nactus
608 639 758 676 Ecctefiae
780 640 962 677 servitium
985 641 1161 688 praestitit,
1188 641 1294 677 donec
1321 641 1441 676 studiis
1453 652 1592 688 operam
1617 641 1700 676 dare
1723 642 1861 688 cupiens

383 689 449 723 sese
477 689 625 724 contulit
650 689 684 722 in
711 687 861 735 Regiam
892 688 1172 733 Vallisoletanam
1198 689 1447 724 Accademiam
1472 702 1480 721 ι
1518 689 1611 725 Hinc
1643 689 1714 723 litis
1737 690 1834 736 origo
1852 719 1859 726 .

385 735 503 776 Nam,
528 748 605 781 cum
630 735 840 771 Dominicus
858 735 1004 782 petiisset
1027 738 1069 770 ab
1096 736 1173 770 aliis
1189 736 1464 778 conbenejiciatis
1489 735 1614 772 fructus
1651 735 1700 771 sui
1725 734 1860 771 Benefi-

384 782 454 821 cii,
480 793 663 819 renuerunt
685 783 737 818 illi
753 796 808 822 eos
822 783 970 829 praestare
988 809 998 822 ‚
1023 782 1102 831 quia
1122 783 1326 828 particulare
1352 784 1512 818 statutum
1529 784 1570 817 ab
1596 781 1670 830 ipsis
1689 786 1860 820 conditum

386 828 496 866 suisset
517 858 526 870 ,
553 843 623 877 quo
646 833 856 871 cavebatur,
880 841 918 867 ut
938 831 1054 868 nullus
1077 830 1211 866 admitti
1228 830 1332 876 posset
1348 831 1389 866 ad
1404 829 1569 865 fruetuum
1582 830 1859 877 perceptionem,

383 876 448 912 nist
472 878 562 924 prius
576 878 618 912 ad
641 878 890 914 Sacerdotalem
916 879 1082 914 Ordinem
1108 889 1279 922 promotus
1293 877 1425 917 suiffet‚·
1452 887 1554 923 utque
1576 889 1692 914 omnes
1705 888 1860 914 teneren-

384 934 442 962 tur
459 926 634 962 servitium
653 926 764 972 perse
788 925 880 973 ipsos
906 925 1055 972 praestare
1083 952 1093 966 ‚
1129 937 1195 960 non
1220 936 1280 972 per
1308 925 1524 960 substitutum
1549 937 1560 963 3
1592 936 1695 973 utque
1719 925 1860 962 demum

381 973 495 1009 nullus
524 974 614 1010 ultra
628 982 694 1008 tres
717 975 846 1009 menses
866 971 972 1008 abesse
997 971 1098 1020 posset
1125 972 1190 1007 stne
1210 973 1311 1009 venia
1339 970 1625 1008 Beneficiatorum
1645 996 1656 1006 .
1687 973 1764 1008 Hoc
1790 973 1860 1010 ssa-

385 1029 502 1056 tutum
523 1023 565 1056 ab
592 1020 738 1069 Optimo
764 1019 926 1067 Principe
949 1020 1130 1056 Clemente
1143 1019 1225 1057 ΧΗ.
1244 1032 1334 1055 anno
1354 1029 1450 1066 1734.
1477 1017 1715 1057 confirmatum
1730 1019 1861 1060 fuisse,

383 1068 538 1104 dicebant
564 1096 573 1105 .

337 1115 416 1151 Hac
448 1115 578 1164 repulsa
601 1115 749 1162 percitus
772 1117 978 1152 Dominicus
1006 1127 1127 1163 preces
1150 1114 1278 1150 obtulit
1299 1114 1523 1151 Sacratiffimo
1544 1114 1694 1162 Principi
1722 1116 1860 1160 nostro,

383 1164 506 1210 quibus
521 1163 738 1210 postulabat,
762 1174 800 1200 ut
821 1163 1016 1199 Beneficiati
1033 1165 1070 1197 ad
1097 1162 1220 1197 srussus
1233 1163 1409 1197 tradendos
1436 1163 1731 1209 compellerentur
1745 1187 1754 1198 .
1781 1165 1861 1200 Da—

384 1221 419 1246 ta
436 1212 501 1247 fuit
525 1210 762 1258 postulationis
775 1211 876 1254 hujus
896 1210 1054 1258 cognitio
1068 1210 1170 1245 Sacro
1195 1209 1276 1245 hinc
1288 1209 1494 1249 ,sribunaltz
1523 1210 1658 1245 auditus
1676 1209 1863 1259 Episcopus
1912 1235 1915 1238 >

384 1260 565 1294 secundum
583 1257 807 1293 Dominicum
824 1257 997 1305 respondit
1015 1286 1021 1292 .
1048 1256 1254 1302 Proponitur
1271 1268 1358 1292 nunc
1372 1257 1470 1292 causa
1487 1282 1497 1295 ,
1522 1261 1551 1291 oz
1567 1257 1775 1294 Dominicus
1788 1259 1860 1294 u'is-

384 1315 482 1352 putat
507 1305 595 1341 nihil
611 1304 724 1341 obesse
747 1305 905 1342 statutum
919 1331 930 1345 ,
952 1305 1036 1352 quia
1059 1304 1320 1350 promulgatum
1333 1317 1404 1340 non
1421 1304 1521 1339 suerit
1538 1331 1548 1345 ‚
1572 1315 1677 1350 neque
1689 1306 1748 1341 usu
1760 1318 1862 1342 rece-

383 1361 478 1399 ptum
494 1379 504 1394 ‚
529 1354 561 1389 8<
579 1352 659 1400 quia
672 1351 739 1399 ipse
760 1354 862 1388 habet
886 1353 1031 1400 gratiam
1046 1348 1502 1397 Pontificiae,dispensationis
1517 1379 1526 1392 ,
1551 1352 1607 1398 qui
1623 1354 1780 1388 fructibus
1796 1353 1863 1388 Be-

383 1401 498 1436 neficii
534 1400 582 1436 sui
607 1399 674 1435 frui
699 1400 806 1447 potost
833 1427 840 1435 .
867 1403 896 1434 A
920 1399 1134 1435 Beneficiatis
1158 1398 1315 1435 libellum
1337 1399 1461 1442 jurium
1486 1402 1634 1435 nondum
1657 1401 1860 1439 habuimus.
1921 1403 1925 1406 ’

382 1448 499 1484 Unum
516 1447 656 1483 dubium
679 1448 724 1482 est
737 1449 833 1491 hujus
861 1447 977 1483 Causae
993 1472 1004 1483 .

341 1499 399 1534 An
416 1497 552 1541 frisius
579 1495 739 1537 Beneficii
768 1524 777 1538 ‚
801 1500 839 1533 de
870 1508 933 1544 quo
956 1498 1098 1543 agitur,
1124 1494 1308 1531 debeantur
1331 1497 1504 1531 Dominico
1532 1497 1567 1530 in
1589 1496 1665 1551 casim
1687 1499 1760 1533 &a

509 1603 731 1666 Dilata,
767 1609 819 1656 ὅ(
852 1617 1199 1672 proponatur
1221 1602 1392 1653 Causa
1422 1642 1436 1664 ‚
1471 1604 1652 1654 citatis
1683 1605 1859 1654 omni-

407 1673 508 1725 bus
529 1673 776 1725 Interesse
795 1672 1120 1723 habentibus
1151 1672 1217 1722 ad
1235 1659 1479 1725 *formam
1500 1672 1857 1725 Constitutio-
1910 1679 1912 1681 ’

402 1744 487 1793 nis
524 1742 837 1794 &melissum
857 1742 1082 1793 Domini
1120 1739 1316 1794 nostri.

63 1891 141 1938 Seff.
160 1888 219 1938 2233‘
230 1901 301 1934 ιιᾳ.
335 1872 420 1956 C
438 1869 760 1907 EPHALUDEN.
780 1859 1173 1905 RESDITUTIONIS
1193 1869 1248 1905 ΙΝ
1273 1868 1543 1907 INTEGRUM
1561 1882 1570 1903 ε
1599 1871 1717 1906 Preces
1731 1869 1859 1906 obtulit

67 1937 105 1976 de
119 1942 187 1986 Res:

448 1918 672 1953 Sacratiffimo
700 1917 853 1963 Principi
867 1916 983 1952 nostro
996 1918 1050 1953 Fr.
1076 1917 1255 1953 Salvatore
1275 1917 1426 1953 Petralia
1440 1918 1560 1962 Laicus
1574 1918 1610 1953 in
1623 1917 1754 1952 Ordine
1771 1916 1860 1962 Cap-

380 1967 607 2015 puccinorum
634 1991 644 2005 ‚
673 1965 729 2011 qui
752 1965 788 1999 in
804 1964 925 1999 saeculo
937 1965 1197 2011 nuncupabatur
1213 1965 1422 2008 Dominicus
1437 1965 1563 2001 Geraci
1579 1989 1590 2004 ,
1614 1964 1736 2010 quibus
1749 1963 1859 2009 postu-

382 2013 521 2050 labatin
547 2012 717 2059 integrum
745 2011 878 2046 restitui
901 2012 1065 2047 adversus*
1081 2011 1339 2052 Profeflionem,
1363 2025 1463 2059 quarn
1476 2011 1583 2047 emisit
1597 2013 1631 2045 in
1650 2009 1862 2048 Monastetio

384 2057 551 2096 Civitatis
575 2059 753 2095 Mistrettae
779 2057 977 2094 DIoeceseos
993 2058 1274 2105 cephaludenfis;
1299 2060 1394 2106 quod
1422 2059 1579 2095 Profeffio
1605 2057 1702 2092 nulla
1719 2083 1730 2096 ,
1755 2068 1856 2104 atque

382 2108 483 2144 irrita
512 2105 591 2141 esset
608 2108 651 2141 ob
670 2107 742 2141 vim
756 2133 766 2146 ,
791 2116 985 2153 metumque
1005 2118 1142 2153 gravem
1156 2119 1174 2141 a
1199 2107 1300 2142 Patre
1324 2107 1451 2142 binubo
1476 2107 1608 2142 illatum
1625 2133 1633 2142 .
1659 2104 1753 2140 Data
1767 2108 1858 2141 Am·

386 2153 540 2200 pliss'tmis
568 2153 726 2189 Patribus
749 2153 988 2199 postulationis
1015 2153 1112 2195 hujus
1133 2153 1332 2200 cognitione
1353 2181 1362 2194 ‚
1399 2154 1562 2189 mandata
1589 2152 1650 2188 fuit
1674 2152 1856 2194 jurisdictio

385 2201 546 2248 Episcopo
563 2199 840 2246 Cephaludenfi‚
866 2210 904 2235 ut
925 2199 1093 2246 processus
1117 2199 1213 2235 fieret
1236 2200 1429 2244 judicialis,
1465 2203 1496 2236 ὅι
1517 2202 1622 2235 animi
1646 2199 1694 2234 sui
1716 2199 1857 2242 senten:

383 2249 466 2283 tiam
492 2247 660 2292 aperiret:
687 2247 855 2293 respondit
880 2248 1062 2295 Episcopus
1085 2248 1263 2283 secundum
1289 2249 1571 2284 Fr.Salvat0rem
1591 2271 1600 2285 ‚
1630 2257 1728 2292 quem
1741 2246 1854 2282 censet

382 2296 420 2330 in
445 2294 614 2340 integrum
642 2294 883 2329 restituendum
899 2319 910 2330 .
946 2296 992 2331 Ex
1022 2294 1180 2331 Processu
1197 2297 1391 2344 accepimus
1416 2297 1472 2331 Fr.
1495 2293 1817 2329 Salvatoreminim
1842 2320 1852 2333 ‚

384 2338 648 2385 verberibusque
679 2341 830 2375 coaClum
847 2343 958 2377 sacras
983 2341 1090 2377 vestes
1107 2343 1306 2389 suscepisse‚
1332 2343 1460 2389 pluries
1474 2341 1544 2387 post
1566 2341 1799 2376 Proseffionem
1814 2342 1854 2375 ab

384 2388 512 2422 Ordine
526 2385 682 2422 defecisse
696 2414 706 2427 ‚
731 2387 857 2431 pluries
883 2389 1124 2424 Profeffionem
1146 2390 1237 2424 suam
1254 2385 1383 2424 nullam
1398 2417 1407 2430 ,
1434 2400 1536 2435 atque
1551 2388 1677 2424 irritam
1697 2389 1853 2431 extraju-
1923 2391 1931 2398 ”

383 2435 550 2469 dicialiter
570 2433 767 2470 declarasse:
795 2434 954 2470 rescimus
967 2448 1007 2470 cx
1037 2435 1177 2471 testibus
1199 2460 1210 2474 2
1235 2448 1318 2481 quos
1338 2438 1427 2471 inter
1450 2437 1634 2482 plurimum
1659 2435 1852 2482 speetandus
1912 2441 1917 2448 ”

378 2481 588 2563 ἐῖίιῃεεῃῑίᾳε
614 2481 860 2532 Pater-author
885 2481 1072 2523 minarum,
1100 2482 1132 2517 &
1149 2482 1200 2517 vis
1231 2483 1359 2521 illatae3
1385 2495 1463 2519 cum
1477 2483 1529 2519 his
1542 2481 1781 2529 convenitipse
1797 2484 1852 2518 Fr.

403 2541 419 2562 a
438 2537 533 2563 vator
560 2540 595 2563 in
619 2539 776 2562 examine
795 2555 805 2564 .

327 2577 462 2615 Contra
487 2575 646 2618 Defensbr
663 2576 872 2619 ‘Pi-oj‘elfi'onis
888 2576 1039 2624 disputat
1064 2587 1132 2612 non
1152 2579 1285 2624 probari
1302 2579 1395 2618 vim.
1419 2579 1450 2614 δι
1472 2587 1599 2613 metum
1613 2577 1747 2612 illatum
1762 2585 1853 2613 tem-
1914 2604 1920 2610 .

375 2632 459 2672 pore
481 2621 552 2666 ipso
575 2620 783 2658 Profellionis
803 2649 813 2662 ‚
838 2623 896 2658 vel
911 2623 1028 2659 saltem
1057 2626 1214 2669 proximo
1233 2654 1243 2666 ,
1265 2636 1304 2662 ut
1317 2625 1473 2660 Profefiio
1505 2625 1674 2660 nullitatis
1692 2624 1780 2660 vitio
1795 2624 1851 2659 in-
1920 2670 1923 2671 ⁷

375 2671 432 2704 fici
447 2668 563 2712 potiit:
592 2668 709 2702 Testes
732 2667 795 2703 esse
813 2669 1017 2716 singulares,
1044 2672 1076 2705 &
1102 2671 1160 2706 Fr.
1186 2672 1392 2707 salvatorem
1413 2671 1657 2706 professionem
1671 2672 1766 2707 suam
1784 2681 1840 2706 ta-

376 2717 445 2753 cite
466 2723 570 2750 ratam
588 2713 741 2753 habuiffe
756 2741 765 2756 ,
792 2726 864 2752 tum
882 2728 924 2752 ex
949 2725 1101 2766 tempore
1124 2729 1192 2765 quo
1204 2729 1272 2754 non
1289 2718 1506 2759 reclamavit,
1533 2727 1605 2757 tum
1633 2731 1676 2758 ex
1690 2717 1836 2759 silentio,

1731 2776 1809 2802 cum
