1883 2907
2 1523 245 1568 'Sessdoedecr-

4 1573 42 1607 de
64 1569 185 1613 obser„
200 1574 245 1606 Θ

3 1620 128 1655 evit-in
139 1615 245 1654 celeb.

6 1668 104 1712 Miss-

331 81 355 162 ξ
377 126 447 161 solo
467 125 697 162 aedificandam
711 124 808 160 duxit
825 149 833 163 ‚
859 122 1133 172 utqueiinpensis
1160 123 1195 158 in
1221 134 1259 157 ea
1284 123 1466 169 erogandis
1494 126 1732 159 levamentum
1749 121 1816 157 ali-

332 174 419 218 quod
434 175 608 208 obtineret
624 198 633 211 ‚
661 172 843 219 postulavit
860 179 1064 217 ann01738.
1079 183 1097 205 a
1113 174 1251 205 Summo
1263 169 1428 204 Pontiiice
1442 172 1622 207 Clemente
1637 170 1723 206 xil.
1737 181 1816 216 gra-

332 222 415 254 tiam
431 220 640 266 erogationis
655 221 689 256 in
704 220 790 254 hanc
805 219 980 257 Fabricam
995 230 1148 254 omnium
1161 222 1365 253 creditorum
1380 244 1390 257 ,
1419 230 1493 264 quae
1523 221 1742 265 pertinebant
1769 216 1814 256 ad

333 266 488 302 Montem
506 267 781 304 Frumentarium
796 267 903 303 Parca
915 281 973 304 con
991 269 1135 309 [asciare
1152 295 1159 304 ,
1189 266 1330 314 Precttm
1347 277 1399 299 ves
1411 268 1450 301 ba
1465 266 1540 301 sunt
1553 290 1577 306 „
1599 278 1664 316 per
1681 269 1816 312 capita-

285 337 310 352 „
336 311 367 346 le
395 312 452 348 del
472 318 624 351 medemo
641 316 776 352 Rubbia
789 323 950 350 ventotto
964 341 973 354 ,
999 314 1226 359 equartarole
1257 313 1298 345 lei
1319 336 1330 350 ,
1354 325 1371 346 e
1387 323 1502 348 mezza
1516 341 1527 354 ‚
1541 313 1696 350 comesu
1714 317 1816 361 prin-

285 384 308 399 „
333 358 462 405 cipiato
483 364 576 400 nella
598 364 652 399 sua
680 363 820 410 origine
837 388 846 400 ,
872 362 913 395 ed
938 371 1080 406 erogare
1105 370 1196 394 tutto
1215 361 1239 396 il
1265 358 1457 397 rimanente
1482 362 1537 396 del
1559 363 1592 396 di
1615 362 1665 396 lui
1686 365 1814 398 credito

283 431 307 446 ‚‚
331 407 424 444 nella
443 416 555 447 nroa
570 411 715 447 Fabrica
739 413 779 445 da
793 407 868 443 farsi
883 425 913 435 --
925 408 1064 445 Annuit
1081 433 1092 446 ‚
1117 410 1232 443 audito
1255 407 1413 455 episcopo
1429 412 1597 445 Amerino
1614 433 1622 448 ,
1654 409 1814 450 Postula-

330 457 417 493 tioni
441 459 521 494 huic
544 463 693 507 optimus
713 459 878 502 Princeps
893 455 947 490 his
961 454 1082 491 verbis
1096 471 1137 479 --
1161 451 1299 488 indulsit
1312 476 1322 490 ‚
1348 464 1385 490 ut
1399 467 1457 500 pro
1469 455 1716 491 constructione
1740 468 1807 492 no-

281 527 305 542 „
330 513 380 538 vae
395 504 546 541 Ecclefiae
560 532 569 545 ,
596 506 641 540 de
658 515 725 550 qua
740 504 773 538 in
786 502 948 538 Precibus
962 529 972 543 ,
990 504 1123 547 erogari
1138 500 1249 537 valeat
1262 497 1390 536 summa
1402 528 1413 542 ,
1431 514 1504 549 quae
1516 502 1657 538 debetur
1672 504 1808 544 Menti,

282 574 306 590 2,
331 546 396 587 five
411 551 593 587 Montibus
613 549 862 587 Frumentariis
876 549 1021 592 ejusdem
1037 549 1155 584 'serrae
1166 548 1260 589 Jovis
1275 573 1284 586 ‚
1315 559 1378 594 pro
1394 561 1434 586 eo
1450 559 1566 585 tamen
1581 551 1808 592 solummodo,

281 622 304 636 ,‚
329 602 422 641 quod
449 598 600 646 superest
616 625 626 639 ‚
650 598 741 635 ultra
768 598 888 633 sortem
913 596 1090 633 erectionis
1110 623 1120 636 ,
1144 608 1216 643 quae
1242 596 1373 641 integra
1400 623 1408 636 ,
1434 598 1465 631 &
1488 598 1612 632 intaeta
1641 600 1810 635 reservari

281 668 304 685 „
330 645 451 680 debeat
477 658 535 688 pro
551 646 729 694 capitali,
761 646 792 680 ἃ
814 644 922 680 fundo
936 645 1096 680 dictorum
1110 643 1243 678 Montis
1257 669 1265 682 ,
1293 640 1347 677 seu
1360 643 1807 682 MontiumFrumentario—

326 703 398 728 rum
410 711 445 719 —-
470 694 518 730 Ex
537 695 592 730 his
605 704 681 730 orta
695 691 740 728 est
754 691 894 738 quaestio
907 692 952 727 ab
963 691 1238 727 Eminentiffimis
1251 690 1408 727 Patribus
1430 703 1517 726 nunc
1531 690 1717 728 definienda
1736 721 1744 734 ,
1761 707 1810 730 an

324 741 468 776 rubrum
485 741 578 777 illud
597 741 763 778 frumenti
778 749 930 785 emptum
953 741 993 774 ab
1019 740 1148 774 haerede
1175 737 1314 785 singulis
1336 739 1443 774 Annis
1470 738 1542 786 post
1559 739 1805 778 Erectioneut..

325 787 463 824 Montis
487 789 552 824 dici
578 791 699 825 debeat
712 788 782 824 sors
797 786 944 830 ejusdem
963 785 1117 826 Montis,
1143 788 1231 831 quod
1255 786 1414 821 l'ubstinet
1437 788 1565 826 ἡμᾶς,
1588 798 1690 833 negat
1719 791 1805 825 Dux

322 834 421 882 Jovii
437 836 610 879 Mathejus
622 861 630 871 .
655 835 804 872 Auditus
818 834 884 870 fuit
902 834 1079 881 Episcopus
1095 834 1279 868 Amerinus
1293 846 1307 866 :-
1331 833 1410 869 Pars
1424 845 1565 880 utraque
1580 834 1734 871 libellum
1749 838 1811 877 Ju-

325 882 414 917 rium
428 884 517 919 dedit
531 911 540 923 ‚
564 883 766 931 causamque
781 882 873 918 suam
893 882 1022 917 strenue
1039 891 1175 922 tuetur,
1199 880 1341 928 superest
1366 882 1502 927 itaque,
1532 891 1567 917 ut
1597 882 1802 928 Ampliflimi

324 930 442 966 Patres
462 930 626 967 definiant
640 957 651 967 .

280 983 348 1014 Art
361 979 437 1023 fors
453 1005 463 1018 ,
482 980 544 1023 seu
572 980 726 1027 Capitale
752 980 880 1014 Montis
909 979 1143 1013 Frumentarii
1166 978 1352 1023 nuncupati
1377 982 1489 1024 ‘Parca
1512 976 1660 1020 consiliat
1687 980 1723 1014 in
1739 985 1827 1024 ΙΨ..

327 1024 401 1062 b'ris
419 1031 472 1062 28.
488 1051 498 1064 ‚
523 1029 565 1062 &v
584 1035 742 1072 quartar.
757 1032 794 1060 6.
817 1029 852 1071 ζ·-
864 1028 988 1073 emptis
1013 1027 1047 1059 in
1062 1024 1136 1071 ejus
1152 1025 1326 1059 Ereffione
1338 1049 1348 1063 ,
1371 1024 1425 1065 [ζ’[ι
1438 1027 1488 1060 cti
1500 1037 1543 1059 zm
1558 1029 1591 1060 ia
1622 1028 1692 1061 alio
1718 1026 1801 1068 fru-

327 1082 439 1110 mento
469 1073 647 1120 flacceffive
671 1083 783 1121 empto
814 1078 858 1111 ad
885 1076 1054 1109 rationem
1088 1074 1188 1107 unius
1215 1071 1322 1118 Ksbri
1350 1083 1414 1118 pro
1450 1072 1604 1119 quolibet
1635 1085 1719 1109 anno
1743 1076 1802 1109 in.)

327 1121 406 1164 casu
432 1124 512 1158 &c-
536 1164 540 1167 ²

455 1207 793 1278 Affirmative
807 1212 872 1262 ad
897 1209 1126 1278 primam
1146 1219 1354 1274 partem
1375 1244 1388 1266 ‚
1425 1206 1694 1273 Negative
1737 1208 1806 1258 ad

348 1275 638 1330 secundam
660 1281 840 1346 quoad
873 1281 1204 1329 frumentum
1241 1289 1487 1343 emptum
1508 1315 1521 1336 ,
1559 1277 1645 1326 vel
1686 1295 1806 1328 niu-

353 1359 572 1464 tuattlim
625 1349 786 1416 usque
839 1349 907 1399 ad
944 1361 1160 1413 tempus
1208 1345 1436 1396 obtentae
1471 1346 1648 1412 gratiae
1682 1384 1696 1408 ‚
1751 1352 1801 1400 ὃς

353 1431 479 1483 amp
506 1432 585 1465 tus
620 1454 633 1467 .

285 1544 337 1628 S
351 1545 603 1582 IPONTINA
629 1549 810 1588 LEGATl
841 1551 1099 1587 MISSARUM
1117 1565 1124 1585 :
1151 1548 1320 1595 supremis
1333 1549 1481 1586 Tabulis
1496 1576 1505 1590 ‚
1530 1547 1654 1596 quibus
1667 1547 1801 1586 deceffit

283 1606 284 1609 ’
364 1605 452 1629 anno
467 1595 559 1640 ¹738.
578 1595 772 1636 Franciscus
787 1600 996 1635 Mattuccius
1010 1599 1170 1634 Sacerdos
1181 1598 1391 1643 Capitularis
1405 1597 1679 1632 EcclesixMatris
1693 1597 1803 1632 Castri

332 1640 366 1674 S.
379 1641 517 1682 Joar—tnis
531 1641 688 1680 Rotundi
703 1647 891 1693 Sipontinae
906 1645 1070 1683 Diaecefis
1085 1645 1250 1681 haeredem
1264 1644 1395 1692 scripsit
1411 1645 1608 1690 Capltulum
1622 1643 1806 1686 ejusdem..-

333 1687 395 1722 suae
412 1687 566 1725 Ecclefiae
580 1717 590 1730 ‚
603 1692 731 1727 adiesto
744 1706 848 1730 onere
863 1694 958 1729 Sacri
973 1692 1164 1741 quotidiani
1179 1692 1333 1738 perpetui
1359 1692 1403 1728 ad
1417 1693 1540 1727 Altare
1556 1693 1590 1726 S.
1608 1691 1805 1731 Michaelis,

331 1734 388 1785 cui
403 1737 580 1781 aflignavit
605 1749 665 1782 pro
679 1740 776 1776 Dote
793 1768 800 1781 ,
827 1742 859 1776 δι
878 1741 993 1775 Fundo
1007 1748 1122 1775 cenzus
1137 1767 1145 1780 ,
1170 1740 1201 1774 δι
1218 1740 1343 1774 credita
1368 1739 1413 1774 sc.
1431 1745 1515 1780 3600
1545 1738 1665 1773 Voluit
1687 1748 1804 1774 autem

332 1792 367 1816 in
382 1781 444 1817 hoc
458 1783 561 1819 Sacro
573 1787 770 1830 quotidiano
783 1791 909 1834 agendo
925 1787 1073 1833 praeferri
1091 1787 1272 1822 Donatum
1288 1787 1462 1822 Fraticelli
1480 1787 1597 1822 sororis
1613 1784 1724 1821 filium
1744 1813 1754 1826 ,
1777 1785 1802 1821 st

331 1840 493 1874 umquam
511 1832 669 1867 Sacerdos
683 1833 786 1874 effet',
799 1837 828 1871 8<
848 1835 869 1870 fi
883 1836 922 1869 ad
937 1847 1005 1870 rem
1021 1834 1175 1870 uxoriam
1189 1834 1336 1869 animum
1349 1843 1485 1869 vertens
1501 1834 1625 1868 liberos
1638 1832 1800 1880 suscepis-

332 1875 380 1910 set
395 1900 405 1914 ‚
430 1877 593 1913 masculos
610 1879 642 1914 in
659 1880 833 1917 infinitum
846 1883 890 1918 ab
903 1895 942 1917 eo
955 1882 1189 1917 descendentes
1205 1881 1367 1920 vocavit,
1381 1882 1412 1916 &
1426 1881 1525 1916 Sacro
1537 1880 1720 1915 ministerio
1737 1879 1797 1915 ad-

331 1922 502 1969 scriptos,
529 1936 566 1961 ea
582 1925 655 1973 lege
673 1955 681 1967 ‚
708 1938 744 1963 ut
769 1930 826 1975 ipsi
854 1941 909 1973 per
930 1930 963 1966 se
988 1931 1077 1964 bona
1093 1928 1323 1974 Cappellaniae
1349 1928 1512 1974 supposita
1534 1926 1803 1963 administrarent

332 1970 389 2004 sub
403 1982 480 2023 cusa
494 1980 606 2006 tamen
619 2001 627 2013 ,
655 1976 686 2009 ὃ(
701 1976 841 2012 custodia
856 1977 1013 2022 Capituli
1027 1975 1167 2011 haeredis
1184 2001 1195 2014 ‚
1221 1976 1254 2010 in
1271 1976 1365 2017 cujus
1377 1975 1533 2010 aerarium
1547 1974 1665 2010 deferri
1686 1975 1803 2010 voluit

332 2028 506 2069 pecuniam
521 2047 531 2059 ‚
558 2019 579 2054 fi
595 2021 679 2057 forte
689 2021 817 2059 Census
830 2023 1099 2062 redimerentur,
1125 2024 1327 2068 erogandam
1349 2024 1474 2057 iterum
1499 2022 1553 2057 vel
1583 2023 1618 2057 in
1640 2020 1765 2058 fundos
1786 2049 1797 2062 ‚

332 2064 393 2098 vel
407 2077 443 2116 in
466 2066 549 2102 alios
563 2069 679 2104 census
693 2083 704 2108 3
729 2071 762 2105 Si
780 2083 861 2106 vero
875 2071 992 2106 nullus
1006 2069 1086 2104 effet
1099 2069 1256 2104 Sacerdos
1269 2081 1287 2103 e
1300 2069 1415 2104 Gente
1427 2070 1604 2104 Fraticella
1618 2096 1626 2109 ,
1652 2069 1801 2115 potesta-

333 2120 402 2162 tem
418 2113 499 2147 iecit
513 2114 680 2158 Capitulo
694 2129 797 2153 unum
810 2130 851 2154 ex
866 2117 965 2165 ipsius
979 2119 1135 2164 Corpore
1147 2117 1368 2157 nominandi,
1391 2117 1450 2164 qui
1463 2117 1563 2154 Sacra
1575 2126 1689 2163 ageret
1710 2128 1799 2163 quo·

334 2159 463 2212 tldlana
478 2186 486 2199 ‚
500 2163 604 2197 donec
617 2165 735 2210 aliquis
748 2177 789 2201 ex
802 2166 922 2202 eadem
932 2165 1046 2201 Gente
1062 2162 1263 2200 Fraticellia
1281 2164 1444 2199 Sacerdos
1458 2163 1538 2200 esset
1553 2191 1562 2199 .

286 2206 345 2242 Ad
363 2207 509 2259 Maiores
523 2210 671 2246 Ordines
686 2222 855 2258 promotus
866 2214 916 2254 Jo:
928 2211 1074 2258 Baptista
1093 2211 1269 2246 Fraticelli
1286 2211 1416 2246 Donati
1429 2210 1520 2246 filius
1537 2211 1798 2258 Cappellaniam

333 2251 541 2289 Minuciam
554 2257 727 2299 obtinuit,
755 2259 805 2294 sed
819 2272 908 2295 anno
927 2270 1034 2302 nuper
1055 2258 1220 2294 transacto
1233 2261 1348 2293 auctus
1362 2258 1464 2294 fuerit
1491 2257 1706 2294 Can-onicatu
1730 2261 1797 2295 iii-2

334 2299 480 2335 Ecclesia
492 2299 689 2352 Collegiata
703 2306 778 2352 Fog
803 2308 842 2343 iae
866 2335 876 2349 ,
899 2308 931 2342 ἃ
946 2307 1030 2342 illuc
1045 2306 1207 2352 migravit
1221 2331 1231 2345 ,
1246 2305 1427 2341 substituto
1441 2305 1656 2351 stipendiario
1680 2307 1795 2342 Sacer-

333 2347 432 2386 dote,
456 2359 512 2397 (μυ
527 2350 619 2385 vices
633 2351 704 2386 suas
718 2364 782 2397 exp
799 2363 870 2389 eret
888 2354 930 2389 ad
945 2353 1068 2389 Altare
1079 2354 1111 2388 S.
1128 2352 1288 2388 Michalis
1308 2352 1343 2386 in
1366 2352 1512 2388 Ecclesia
1525 2353 1642 2388 Matre
1667 2353 1797 2400 Oppidi

333 2394 513 2443 S.Joann1s
529 2396 679 2433 Rotundi
697 2426 704 2433 .
727 2399 869 2435 Censuit
889 2401 1090 2445 Capitulum
1104 2399 1373 2444 subrogationem
1385 2399 1472 2434 hanc
1485 2400 1690 2445 Cappellani
1709 2412 1798 2436 con-

334 2448 467 2492 trariam
483 2441 547 2477 esse
560 2444 728 2480 voluntati
743 2445 932 2482 Testatoris
948 2474 957 2486 ,
984 2447 1078 2488 cujus
1099 2457 1191 2480 mens
1209 2445 1320 2481 fuiffet
1334 2472 1344 2485 ‚
1367 2456 1405 2481 ut
1431 2448 1590 2482 Sacerdos
1610 2460 1628 2482 e
1651 2447 1796 2486 Gentm

332 2486 530 2538 {Fraticellia
545 2502 602 2535 per
626 2491 656 2526 se
669 2492 774 2536 ipsum
792 2493 891 2529 Sacra
905 2503 1023 2540 ageret
1037 2520 1048 2533 ‚
1072 2504 1139 2527 non
1163 2504 1222 2538 per
1250 2493 1465 2533 substitutum
1479 2519 1488 2533 ,
1514 2493 1655 2540 ideoque
1678 2506 1796 2542 preces

331 2534 458 2582 obtulit
470 2535 573 2587 Sacro
589 2537 666 2573 huic
680 2538 867 2575 Tribunali
882 2569 891 2582 ‚
914 2541 1037 2587 quibus
1048 2541 1185 2585 petebat
1200 2541 1276 2587 cogi
1302 2539 1513 2576 Canonicum
1539 2540 1586 2581 lo:
1615 2541 1797 2589 Baptistam

333 2579 570 2629 Fratlcellium
591 2585 634 2619 ad
647 2585 882 2623 dimittendam
894 2588 1150 2633 Cappellaniam
1165 2612 1175 2622 .
1201 2587 1344 2631 Epistola
1357 2613 1368 2627 ,
1396 2597 1432 2621 ut
1446 2589 1549 2622 moris
1579 2589 1625 2624 est
1643 2617 1653 2629 ,
1680 2590 1795 2625 data..-

332 2625 397 2660 suit
410 2625 448 2659 ad
464 2627 770 2676 Archiepiscopum
781 2635 998 2679 Sipontinum
1013 2661 1024 2675 ,
1048 2634 1105 2680 qui
1131 2634 1255 2669 audito
1273 2634 1471 2669 Fraticellio
1487 2661 1496 2675 ‚
1520 2635 1798 2683 perspectoque..-

331 2671 549 2723 Testamento
565 2702 574 2715 ‚
589 2678 706 2712 retulit
727 2680 865 2715 censere
878 2709 887 2722 ‚
915 2681 1036 2716 faelium
1046 2681 1113 2715 esse
1131 2682 1243 2715 locum
1254 2680 1419 2726 capitulo
1434 2680 1610 2717 substituto
1622 2685 1801 2719 nominan-

331 2720 363 2754 di
378 2731 481 2756 runum
493 2733 535 2757 ex
550 2723 774 2761 Sacerdotibus
788 2725 1041 2775 Capitularibus
1057 2727 1100 2764 ad
1110 2727 1370 2773 Cappellaniam
1384 2751 1393 2764 .
1426 2728 1490 2765 His
1504 2729 1624 2766 auditis
1639 2729 1801 2767 Fraticel-

1696 2777 1762 2813 lius
