1883 2907
336 88 435 154 iveddiit
457 117 499 151 tid
516 117 635 148 bonam
651 112 780 157 frugem
793 136 803 150 ,
833 109 929 145 fassus
943 107 987 143 est
1000 115 1135 154 peccata
1149 108 1204 143 sua
1221 115 1299 146 ,ore
1318 131 1327 144 ‚
1352 105 1382 140 &
1400 104 1523 150 scripto
1539 105 1693 152 promisit
1715 109 1809 144 resti-

336 164 505 201 tutionem
519 172 624 195 rerum
637 187 646 199 ‚
672 159 701 193 &
719 160 883 193 bonorum
896 157 1119 199 surreptorum
1137 180 1146 192 ‚
1175 153 1397 198 iiotulamque
1415 154 1570 202 exhibuit
1586 177 1593 191 ‚
1621 155 1653 188 in
1668 166 1732 200 qua
1747 155 1812 190 sin..

336 210 482 256 gillatiin
496 208 643 256 plurima
658 205 815 252 expreliit
829 231 840 244 ,
865 204 961 250 seque
980 211 1131 249 paratum
1143 199 1271 252 obtulit
1285 211 1359 251 ‘pro
1378 198 1456 251 aliis
1475 227 1484 239 ‚
1508 212 1581 246 quae
1602 202 1785 249 ignorabat
1799 231 1811 246 ,

335 250 480 294 solvere,
492 259 524 290 ὅ(
539 255 662 290 damna
677 254 794 290 omnia
808 252 927 287 sarcire
939 275 948 286 .
963 250 1022 285 Sed
1037 249 1130 285 brevi
1148 250 1310 283 bonitatis
1323 247 1421 289 hujus
1439 248 1502 282 iuae
1515 250 1672 291 penituit,
1688 251 1813 286 rediit—

333 315 397 350 que
414 305 453 338 ad
468 304 636 348 ingenium
652 328 663 341 ‚
687 302 718 336 &
734 299 901 345 pristinam
921 297 1143 343 pertinaciam
1157 323 1165 335 ‚
1182 294 1400 340 perseveram
1416 294 1451 328 in
1464 297 1684 340 occupatione
1702 298 1810 334 bono.

334 361 408 385 rum
425 375 436 388 ‚
460 352 631 390 suerum,
657 350 861 392 incubatque
874 346 981 380 adhuc
998 342 1181 394 possessioni
1207 341 1424 387 impoenitens
1439 368 1448 381 ,
1476 343 1507 376 &
1534 342 1651 378 sereno
1676 345 1775 381 vultu
1799 373 1811 386 ,

335 407 507 442 tamquam
525 397 638 442 inique
651 400 823 432 damnatus
837 391 1023 438 appellavit
1048 401 1067 424 a
1094 389 1261 424 sententia
1291 390 1657 426 excommunicationis
1679 392 1718 425 ad
1745 393 1810 430 hoc

335 445 471 480 Sacrum
489 444 658 479 Tribtinal
674 470 683 483 ,
707 454 724 475 a
739 452 830 487 quo,
848 436 998 475 reiniffus
1022 435 1086 471 fuit
1114 435 1157 471 ad
1183 433 1270 486 Rev.
1298 434 1573 486 Viceigerentcm
1605 437 1708 474 Urbis
1723 464 1733 478 ‚
1752 442 1810 487 qui

335 504 412 528 eum
427 491 571 526 absolvit
586 504 604 526 a
618 488 759 525 vinculo
771 499 833 534 per
846 497 914 521 tres
928 483 1052 519 menses
1062 495 1138 518 cum
1157 481 1407 520 reincidentias
1434 483 1625 519 Processum
1644 486 1725 521 inde
1738 514 1746 526 ,
1759 497 1812 522 at.

336 551 404 585 quc
418 540 489 572 «πᾶα
505 537 681 572 transmisit
698 534 852 570 Vicarius
867 560 876 573 ,
903 533 935 568 8<
955 530 1129 576 epistolam
1147 528 1329 577 Episcopi,
1343 529 1415 580 *qui
1439 532 1675 576 aegritudinem
1706 534 1810 571 animi

338 587 385 621 sui
402 585 566 629 significat
579 611 590 624 ‚
613 584 793 629 deplorans
809 581 949 620 statum,
977 582 1016 612 ad
1030 590 1126 624 quein
1144 575 1290 612 Ecclesia
1305 602 1314 616 ‚
1341 576 1502 622 illiusque
1524 580 1607 613 bona
1624 606 1633 620 ‚
1658 582 1688 615 δι
1703 582 1811 618 Paro-

336 624 502 676 chusipse
521 632 671 667 redaClus
685 630 744 671 est,
759 628 1024 676 postvastitatem
1041 625 1160 660 factam
1175 635 1193 657 a
1206 624 1390 670 praedone(
1408 625 1540 660 utimur
1549 627 1658 662 verbis
1675 629 1812 673 Episco-

338 680 401 727 pi)
426 679 482 725 qui
499 682 650 714 nondum
663 687 762 725 caput
785 675 983 711 submittens
1001 673 1106 719 pergit
1121 671 1306 707 reclamare
1321 680 1439 706 contra
1455 671 1559 706 latam
1576 676 1811 710 excommuni-

339 727 483 761 cationis
499 726 700 762 sementiam
713 751 722 764 ‚
743 725 784 760 de
796 724 891 766 cujus
906 721 1031 764 justitia
1045 729 1210 765 poterunt
1225 718 1477 754 Eminentiffimi
1496 720 1613 756 Patres
1625 723 1810 767 cognosce.

340 785 378 808 re
391 786 430 808 ex
445 773 663 820 dispositione
680 773 782 809 trium
795 798 806 811 ,
831 782 904 817 quae
925 767 1118 818 subiicimus
1137 794 1146 808 ‚
1174 766 1371 817 Dubiorum
1383 790 1393 804 ‚
1413 778 1553 813 quaeque
1564 767 1732 804 parochus
1761 770 1812 806 se-

337 823 482 856 cundum
497 833 573 856 eum
586 820 733 866 postulat
746 817 884 854 definiri
900 817 932 851 in
952 816 1009 850 suo
1025 814 1145 850 libello
1159 840 1168 853 ,
1200 824 1235 848 in
1256 824 1322 858 quo
1345 824 1412 847 non
1438 825 1504 848 uno
1520 841 1528 854 ‚
1555 814 1612 850 sed
1637 817 1811 861 muliplici

339 868 563 903 anathematis
575 868 715 904 vinculo
728 866 931 901 innodatum
944 862 1007 897 esse
1032 861 1194 897 Baronem
1219 860 1385 906 postulat,
1411 869 1581 908 tamquam
1602 873 1812 910 raptorem„

338 914 506 951 sruQuum
521 941 532 955 ,
557 917 587 951 &
603 916 914 952 emolumentorum
928 910 1081 945 Ecclesiae
1096 910 1189 950 iuxta
1202 918 1290 944 text.
1315 911 1349 942 in
1362 917 1433 954 cap.
1446 911 1537 945 nulli
1558 913 1596 945 de
1620 911 1692 946 reb.
1717 914 1814 948 Eccl-

339 976 402 998 iion
432 965 605 1000 alienand.
619 970 864 1008 occupatorem
880 958 1049 992 Bonorum
1068 956 1166 1002 ipsius
1184 957 1280 998 juxta
1300 953 1503 991 Pontificum
1524 956 1810 1000 Constitutiones‚

339 1013 371 1046 δι
385 1009 584 1045 Tridentini
597 1010 748 1046 Decreta
762 1035 772 1048 ‚
798 1008 830 1042 &
846 1009 978 1042 demum
990 1012 1259 1054 contemptorem
1284 1003 1448 1054 praecepti
1466 1030 1475 1043 ,
1500 1007 1586 1051 quod
1603 1005 1649 1039 est
1671 1009 1706 1041 in
1736 1018 1810 1053 clep.

340 1061 447 1094 omnis
466 1058 644 1104 utriusque
660 1059 767 1101 series
789 1057 827 1090 de
856 1056 989 1090 Ῥιτηῐΐ,
1014 1057 1056 1088 &²
1072 1051 1198 1096 RfmiJJI
1222 1049 1411 1084 Piccirillus
1443 1050 1533 1089 silet,
1559 1063 1622 1087 nec
1653 1052 1810 1089 hactenus

338 1105 437 1139 nobis
450 1104 635 1151 quidquam
649 1103 744 1139 dedit
757 1130 765 1138 .
780 1103 900 1137 Latius
915 1111 972 1134 nos
987 1100 1056 1132 hxc
1069 1099 1184 1148 omnia·
1194 1097 1403 1149 narravimus
1417 1099 1532 1145 rogati
1546 1110 1564 1132 a
1577 1098 1737 1137 parocho,
1752 1101 1810 1147 qui

339 1153 384 1187 ob
407 1152 555 1197 inopiam
577 1163 645 1186 non
663 1149 788 1198 poterit
813 1148 973 1184 libellum
996 1146 1090 1181 suum
1111 1145 1385 1180 Einincntifltmis
1409 1144 1567 1182 Patribus
1592 1146 1808 1183 distribuere:

340 1200 462 1234 Dubia
490 1200 562 1233 haec
585 1199 684 1234 sunt.

290 1247 319 1283 Ι.
345 1253 404 1282 An
431 1246 553 1285 conflet
575 1249 613 1282 de
637 1246 800 1281 nullitate
831 1244 1007 1287 sententiae
1035 1242 1269 1278 declarator-ix
1301 1243 1667 1278 :excommunicationis
1689 1245 1725 1278 in
1750 1255 1809 1277 ca-

475 1294 516 1337 su
545 1297 620 1330 &a
635 1294 666 1328 δι
679 1300 846 1339 quatenus
872 1288 1075 1325 affirmative
1090 1314 1099 1324 .

295 1341 337 1377 II.
364 1346 423 1376 An
440 1342 646 1376 ‘Piccirillus
660 1341 809 1377 incurrit
826 1338 1215 1373 &communicationem
1231 1362 1241 1375 ,
1267 1338 1361 1372 itaut
1373 1335 1671 1384 fitprocedendum
1686 1339 1730 1373 ad
1747 1339 1810 1375 de-

482 1389 706 1423 clarationem
723 1390 758 1422 in
774 1385 849 1428 casu
865 1390 941 1422 &c-
964 1383 1005 1417 Et
1020 1393 1183 1429 quatenus
1194 1382 1353 1428 negative
1366 1408 1377 1418 .

291 1436 355 1472 III.
382 1442 442 1471 An
467 1436 642 1470 Paro-chus
670 1442 830 1470 teneatur
852 1434 894 1466 ad
917 1432 1130 1475 refec‘iionem
1158 1431 1351 1466 damnorum
1372 1441 1438 1479 per
1472 1433 1596 1469 dmum
1632 1434 1811 1470 Piccirilli

475 1481 640 1530 paſj'artim
655 1495 700 1518 ex
713 1482 812 1528 causa
829 1481 923 1515 diffie
938 1479 1308 1514 excommunicationis
1323 1481 1358 1514 in
1369 1480 1443 1524 casu
1455 1483 1526 1516 (φτ.

469 1592 558 1645 Ad
580 1593 625 1645 Ι.
649 1591 916 1660 Negative
935 1629 949 1653 ‚
987 1594 1034 1642 ὃς
1058 1587 1288 1657 amplius
1309 1627 1323 1640 .
1360 1588 1450 1642 Ad
1469 1586 1541 1639 ΙΙ.
1571 1626 1585 1651 ,
1625 1592 1676 1641 6<
1704 1589 1806 1642 ΙΙΙ.

360 1664 641 1731 provisum
663 1664 716 1711 in
736 1663 949 1730 primo.

22 1767 259 1814 §effu-decr.
392 1769 568 1806 UCANA
593 1768 984 1805 CELEBRATIONIS
1010 1767 1284 1804 MISSARUM=
1313 1768 1515 1815 Repetenda
1536 1766 1582 1804 est
1604 1769 1702 1811 hujus
1718 1767 1810 1804 cau-

19 1819 60 1850 Ae
77 1818 175 1858 0bser.
189 1842 200 1855 ‚
217 1829 260 1854 Φ
400 1817 439 1852 sse
454 1817 585 1864 species
601 1830 644 1853 ex
659 1819 747 1861 folio
765 1821 1039 1865 Congregationis
1057 1815 1178 1851 habit-e
1192 1819 1245 1852 die
1263 1827 1295 1854 2.
1321 1820 1427 1862 *Junii
1449 1819 1546 1852 Anni
1576 1817 1670 1862 1736.
1690 1841 1701 1855 ‚
1724 1815 1811 1860 quod

22 1864 263 1901 minimest&
343 1865 475 1900 editum
491 1865 554 1900 fuit
573 1867 649 1901 Vol.
672 1869 744 1900 VII.
761 1863 928 1908 Thesanr.
958 1866 1043 1909 νε]ὸῖ
1067 1870 1138 1899 Sac.
1158 1869 1316 1910 Congrcg.
1333 1873 1416 1912 pag.
1443 1865 1521 1904 263.
1535 1875 1573 1898 ea
1590 1861 1728 1909 quidem
1743 1861 1800 1897 die

20 1909 106 1956 Miffi
344 1912 453 1947 Causa
467 1915 604 1958 proponi
618 1924 686 1947 non
702 1912 815 1957 potuit
831 1939 840 1951 ,
867 1911 918 1946 sed
931 1910 1105 1958 proposita
1118 1935 1128 1948 ,
1155 1910 1186 1944 δι
1204 1909 1348 1945 definita
1365 1910 1430 1945 fuit
1444 1911 1498 1945 die
1515 1922 1545 1950 7.
1560 1911 1640 1951 Julii
1655 1907 1811 1950 eiusdem

345 1960 464 1998 Anni,
489 1960 575 1994 utin
601 1963 712 1996 eodem
736 1962 813 1995 Vol.
840 1964 1008 2007 VILpag.
1034 1964 1113 2003 269.
1127 1957 1248 1992 Dubio
1271 1958 1299 1992 1.
1322 1958 1414 2004 quod
1436 1967 1508 1992 erat
1533 1981 1557 1996 ‚‚
1581 1960 1639 1992 An
1663 1955 1811 1990 Confra-

297 2033 322 2048 „
346 2006 525 2042 ternimes
549 2005 758 2042 Sanfflffimae
780 2005 1029 2051 Conceptionis
1047 2006 1084 2040 Β.
1102 2004 1157 2039 M.
1185 2005 1230 2040 V.
1247 2005 1279 2039 &
1295 2004 1489 2038 Sanffiffimi
1504 2004 1664 2038 Nominis
1674 2003 1748 2044 Jeiu
1761 2012 1812 2038 te-

298 2081 322 2097 „
348 2064 482 2089 teantur
503 2054 641 2099 singulis
666 2054 764 2087 annis
776 2053 939 2088 celebrari
965 2054 1074 2088 facere
1105 2050 1249 2097 triginta
1273 2049 1388 2085 Missas
1406 2077 1417 2090 ‚
1440 2050 1496 2085 seu
1522 2061 1634 2096 potius
1663 2050 1811 2098 quinde-

296 2128 320 2142 „
346 2102 411 2135 cim
425 2112 484 2145 pro
508 2113 621 2137 earum
637 2100 787 2148 qualibet
803 2119 846 2126 --
873 2102 1119 2148 &sponderi-tit
1145 2098 1351 2146 Amplissimi
1380 2104 1508 2134 ‘Patres
1528 2115 1566 2122 ——
1591 2097 1809 2133 Affirmative

297 2174 321 2189 „
348 2149 455 2194 quoad
480 2151 622 2193 primam
644 2157 774 2194 partein
789 2174 799 2187 ,
823 2148 855 2183 δι
879 2146 1040 2194 negative
1054 2145 1164 2192 quoad
1182 2144 1360 2180 secundam
1374 2170 1385 2185 ,
1410 2145 1442 2180 &
1465 2145 1580 2191 quoad
1593 2153 1731 2179 tertium
1744 2144 1809 2179 tri-

298 2221 324 2238 „
349 2193 507 2241 gestinuin
531 2195 707 2230 Miffarum
722 2195 881 2230 videatur
893 2194 1144 2239 particulariter
1171 2219 1196 2232 ,‚
1222 2192 1254 2218 —'-
1277 2191 1354 2228 1²0st
1367 2193 1434 2227 hoc
1454 2191 1641 2236 responium
1659 2192 1736 2226 duae
1753 2192 1810 2226 So-

343 2243 487 2277 cietates
504 2241 816 2278 Causam-ulterius
829 2253 1022 2289 proponere
1046 2252 1115 2276 non
1138 2249 1300 2275 curarunt
1322 2265 1332 2278 ‚
1358 2239 1390 2274 δι
1412 2238 1643 2274 abstinuerunt
1660 2249 1679 2272 a
1699 2241 1808 2274 tertio

344 2289 513 2336 trigefimo
539 2290 710 2334 Miffarum
734 2289 887 2331 injuncto
909 2301 929 2324 a
959 2289 1136 2324 Testatore
1163 2288 1291 2322 duabus
1313 2288 1348 2321 in
1374 2284 1514 2320 solidum
1537 2284 1808 2321 haeredibusin„

342 2337 489 2371 Triente
516 2336 669 2380 neptibus
685 2335 750 2370 suis
766 2336 881 2371 Laurae
897 2363 906 2378 ,
930 2337 961 2370 δι
983 2333 1172 2372 Hortensia:
1187 2360 1198 2374 ‚
1222 2344 1405 2378 earumque
1423 2331 1506 2367 filiis
1531 2332 1711 2367 nascituris
1727 2331 1809 2383 ‚fob

342 2384 436 2424 cujus
449 2383 614 2420 defectum
636 2394 762 2416 vacans
788 2382 914 2417 Triens
928 2391 1124 2418 accreverat
1144 2380 1370 2416 Societatibus
1386 2380 1422 2414 in
1446 2378 1520 2424 pari
1533 2380 1687 2424 portione
1713 2379 1809 2414 insti-

343 2431 427 2465 tutis
445 2431 479 2464 in
498 2428 715 2464 Testamento
740 2429 909 2465 Francisci
924 2430 1023 2465 Pardi
1039 2456 1048 2465 .
1074 2428 1278 2463 Promothor
1299 2426 1414 2472 itaque
1437 2426 1577 2461 Fiscalis
1597 2425 1646 2462 sui
1662 2426 1810 2462 muneris

343 2477 407 2511 effe
426 2477 564 2522 putavit
585 2487 707 2522 urgere
725 2477 758 2511 in
778 2476 845 2511 hoc
868 2477 967 2511 Sacro
982 2475 1166 2511 Tribunali
1180 2500 1192 2514 ,
1215 2482 1252 2509 ut
1277 2474 1351 2515 eius
1375 2473 1598 2512 auctoritate,
1620 2475 1651 2509 ὅ(
1665 2475 1809 2518 irnperio

346 2524 654 2558 excitarenturdiio
675 2523 840 2558 Sodalitia
859 2526 897 2558 ad
918 2524 1123 2568 implendam
1137 2523 1350 2558 voluntatem
1376 2519 1562 2555 Testatoris
1577 2547 1588 2560 ,
1610 2520 1670 2567 qui
1690 2521 1810 2556 adem-

344 2580 407 2616 pta
426 2569 557 2604 duobus
577 2571 759 2606 haeredibus
773 2571 875 2615 priori
895 2571 1097 2605 testamento
1112 2569 1243 2613 scriptis
1269 2567 1473 2602 haereditate
1486 2591 1498 2605 ‚
1522 2567 1602 2603 duos
1630 2568 1781 2603 servavit
1800 2592 1811 2607 ‚

341 2618 381 2652 ὅ(
404 2616 545 2650 tertium
566 2616 696 2651 addidit
723 2617 925 2652 Sodalitium
951 2616 1148 2652 Sanoissimi
1166 2615 1327 2651 Nominis
1350 2615 1423 2655 Jesu
1439 2639 1448 2652 ,
1472 2614 1562 2658 quod
1578 2643 1586 2654 ,
1610 2616 1811 2650 extantibus

347 2662 509 2709 neptibus
527 2663 652 2708 pariter
667 2663 707 2696 ad
725 2664 1109 2699 haereditatemadmiffis
1121 2690 1132 2702 ‚
1158 2663 1263 2698 haeres
1279 2661 1344 2695 fuit
1359 2662 1395 2696 in
1408 2659 1552 2696 Trieate
1567 2674 1645 2698 cum
1669 2663 1739 2697 alio
1752 2661 1814 2696 So-

342 2710 468 2746 dalitio
481 2709 690 2745 Sanetiflimae
709 2710 953 2759 conceptionis
964 2738 977 2751 ,
1003 2713 1033 2748 δι
1046 2710 1276 2746 cohaeredibus
1287 2707 1362 2744 illis
1372 2706 1510 2744 defectis
1526 2709 1593 2745 fine
1608 2708 1713 2748 filiis,
1726 2719 1814 2760 *por-

1707 2766 1772 2790 tto-
