1874 2961
68 174 191 221 quibus
205 169 351 217 iuaeffibi
375 172 442 208 hoc
457 171 596 210 suadent
610 197 620 212 ,
641 172 806 220 colligere
823 178 980 220 poterunt
993 171 1210 220 Amplissimi
1227 171 1341 208 Patres
1369 183 1410 207 ex
1432 135 1492 207 eo⁵1

69 233 144 257 rum
168 219 436 261 libello'Jurium
455 249 463 260 ,
486 230 523 256 ut
552 220 777 266 respondeant
792 245 802 256 .

17 265 81 304 {An
98 270 303 305 concedenda
313 269 359 311 sit
369 273 492 316 gratia
509 270 643 304 unionis
660 281 733 303 cum
758 270 988 317 applicatione
1010 267 1184 309 fruetuum
1203 266 1370 315 simplicis
1388 274 1490 302 Bene·

58 313 135 357 ficii
162 318 315 353 &Petri
337 317 390 352 dcl
419 322 506 362 Royo
528 321 568 351 V.
584 315 784 356 Monasterio
809 317 1012 351 Monialiam
1037 316 1174 350 Ordinis
1204 315 1488 351 excalceatorum

63 368 98 398 S.
113 364 280 407 Francisci
304 362 586 409 defobservantia
604 365 768 399 civitatis
783 368 956 400 Zamorea.
989 366 1023 399 in
1041 363 1115 405 casic
1130 366 1205 398 &c-

85 504 390 546 ARS'iNATEN.
419 503 885 540 CONTRIBUTIONIS:
924 503 1102 539 Anteaffls
1142 503 1349 550 temporibus
1376 504 1491 551 elige·

98 556 197 589 batur
233 553 267 587 in
290 552 452 588 Civitate
492 553 627 588 Sariim:
664 551 911 598 Ludimagister
938 550 1189 587 Grammatices
1207 578 1218 591 ‚
1256 552 1318 599 qui
1345 563 1461 597 pueros
1479 577 1491 592 ‚

64 599 291 646 Cle-ficosque
316 604 451 634 doceret
479 611 589 634 annua
621 601 772 635 mercede
796 600 881 636 scut.
918 611 970 639 55.
992 624 1003 638 ,
1038 610 1181 645 quorum
1213 601 1329 635 decem
1351 599 1492 646 Episco-

63 660 126 694 pus
143 675 152 689 ,
178 648 451 694 vigintiquinque
477 647 598 681 Clesus
617 673 626 687 ,
653 647 718 681 alia
744 647 867 694 viginti
899 658 976 682 cum
1009 649 1109 682 domo
1146 646 1300 682 solvebat
1321 646 1490 682 Commu-

58 697 159 731 ·nitas
177 723 184 731 .
205 696 262 731 ,Ut
279 693 477 728 Tridentini
503 693 644 727 decreta
668 694 826 738 impleret
855 693 1039 740 Episcopus
1068 721 1078 734 ,
1115 705 1204 728 anno
1230 695 1326 732 1608.
1355 693 1489 740 plura-0

68 742 229 788 simplicia
249 738 416 775 Beneficia
442 741 628 788 applicavit
654 741 732 775 huic
760 741 912 776 Instituto
934 740 971 775 in
996 740 1198 776 fundatione
1225 742 1426 781 Seminarii‚
1452 742 1487 777 &

68 789 200 825 divisim
226 789 260 824 in
288 785 457 822 Beneficia
479 797 595 822 curata
611 788 775 823 Dioecefis
797 788 916 829 rejecit
943 799 1026 822 onus
1053 786 1223 831 praestandi
1247 789 1338 825 scuta
1353 790 1492 824 oetode·

68 837 159 876 cim,
183 848 250 870 non
275 834 462 870 sufficiente
487 835 660 870 unitorum
686 833 893 882 simplicium
913 833 1162 870 Beneficiorum
1193 836 1335 871 redditu
1353 861 1365 875 ,
1392 836 1491 872 leva-

68 883 185 931 vitque
204 895 222 918 a
242 884 354 930 primo
377 893 484 918 onere
510 891 581 917 tum
604 883 749 918 mensam
780 883 1037 929 Episcopalern‚
1062 892 1135 918 tum
1165 883 1491 919 Communitatem.

66 932 131 966 His
147 931 250 970 affis,
277 941 465 976 temporum
482 929 558 975 fuga
575 929 746 976 sexaginta
773 930 907 965 &ultra
924 930 1094 965 Beneficia
1119 929 1259 966 fundata
1289 930 1424 966 suerunt
1455 931 1493 965 in

70 989 109 1015 ea
129 976 278 1014 Dioecefi
293 1005 303 1018 ‚
328 990 399 1023 qua:
416 978 548 1012 nullam
573 976 742 1013 fructuum
757 977 952 1023 portionem
978 975 1032 1022 pio
1050 976 1127 1012 huic
1140 977 1320 1014 necessario
1335 977 1494 1013 lnstituto

71 1027 317 1063 contribuunt.
348 1024 462 1060 Grave
482 1023 565 1065 sibi,
594 1026 623 1060 δι
643 1024 795 1070 iniquum
826 1024 889 1059 hoc
912 1033 1065 1070 putantes
1082 1024 1224 1060 Parochi
1248 1027 1393 1071 antiquae
1417 1024 1494 1059 fun·

65 1074 219 1109 dationis
237 1071 580 1121 prece9=0btulerunt
597 1071 817 1117 Ampliffimis
844 1073 1026 1110 Patribus,
1051 1071 1110 1118 qui
1134 1082 1171 1107 ut
1193 1073 1299 1109 moris
1316 1073 1384 1110 est,
1410 1070 1494 1116 Epi-

70 1120 203 1166 scopum
221 1120 460 1156 consuluerunt
487 1121 526 1154 de
540 1119 705 1154 sententia
724 1119 829 1155 animi
856 1118 928 1154 sui:
956 1119 1019 1154 ille
1045 1119 1172 1155 auditis
1194 1119 1348 1156 Partibus
1376 1129 1494 1154 earum

69 1169 147 1210 Jura
162 1195 172 1208 ‚
196 1170 227 1204 &
251 1168 395 1203 rationes
422 1167 551 1212 adjecit
579 1165 734 1214 Epistolae
755 1167 819 1202 suae
847 1194 856 1203 .
885 1167 1015 1202 Harum
1034 1166 1160 1202 summa
1182 1166 1228 1202 est
1250 1193 1261 1208 ,
1289 1179 1331 1203 ex
1359 1174 1494 1213 partu·

72 1217 231 1250 Actorum
247 1242 256 1255 ‚
283 1215 351 1260 sive
370 1215 601 1250 parochorum
625 1215 771 1260 antiquce
796 1213 1007 1249 fundationis
1021 1241 1030 1254 ,
1055 1214 1095 1249 ad
1117 1225 1179 1254 ea,
1203 1226 1274 1260 quae
1290 1214 1325 1249 in
1341 1224 1495 1249 commu-

67 1274 148 1298 nem
162 1263 308 1298 tendunt
324 1261 510 1297 utilitatem
535 1262 675 1306 (qualis
703 1262 819 1307 procul
843 1261 946 1296 dubio
971 1261 1018 1296 est
1040 1261 1256 1298 Clericorum
1286 1260 1493 1301 institutio)

72 1321 163 1356 aeque
186 1310 229 1344 ab
252 1308 410 1345 omnibus
436 1319 534 1352 opem
557 1308 621 1343 esse
644 1307 856 1354 praestandam
882 1335 892 1348 ,
927 1308 1111 1355 praesertim
1149 1319 1225 1344 cum
1252 1311 1333 1344 adeo
1348 1306 1492 1343 infirmae

69 1356 132 1391 sint
154 1357 245 1393 vires
260 1382 270 1396 ,
298 1358 329 1392 &
357 1356 440 1392 adeo
465 1364 584 1390 tenues
606 1356 757 1390 redditus
776 1355 1013 1392 Parochiarum
1027 1379 1037 1393 ,
1062 1364 1099 1390 ut
1118 1367 1184 1391 una
1209 1364 1350 1400 excepta
1371 1354 1493 1389 §.Da-

68 1404 199 1443 miani,
224 1416 329 1451 pauca
344 1413 397 1448 25⁵.
414 1430 424 1443 ,
450 1403 545 1448 plura
562 1403 646 1439 scut.
666 1414 714 1438 12.
739 1402 902 1438 summam
929 1403 1030 1438 annui
1055 1401 1176 1438 fructus
1202 1403 1376 1449 attingant
1392 1428 1401 1442 ,
1417 1412 1492 1446 quae

68 1449 196 1486 summa
217 1451 331 1487 minor
352 1451 402 1487 est»
422 1461 594 1497 congrua,
621 1452 652 1485 δι
685 1459 796 1485 tamen
823 1450 877 1485 hic
904 1450 1055 1486 redditus
1076 1460 1143 1484 non
1170 1463 1285 1498 parum
1315 1449 1493 1485 miruaut

70 1495 258 1543 praestandis
285 1499 428 1535 annonis
454 1498 658 1535 militaribus
684 1523 696 1536 ,
733 1498 764 1533 &
791 1497 935 1543 publicis
953 1497 1230 1534 extraordinariis
1251 1495 1493 1533 intributioni-

70 1547 130 1580 bus
146 1571 156 1585 ,
183 1558 257 1594 quae
281 1546 346 1581 hoc
363 1556 514 1592 tempore
555 1546 651 1582 causa
671 1555 893 1580 externorum
915 1545 1063 1580 militum
1093 1547 1306 1590 penduntur:
1336 1543 1494 1583 Tandem

75 1593 213 1629 decreto
235 1592 435 1629 Tridentini
459 1593 589 1629 nullam
613 1593 735 1629 factam
756 1591 852 1628 fuisse
874 1591 1120 1628 distinctionem
1141 1593 1231 1628 inter
1261 1594 1386 1629 veteris
1411 1616 1422 1630 ,
1459 1591 1493 1626 &

73 1650 168 1675 novae
189 1640 399 1676 fundationis
428 1639 596 1676 Beneficia
621 1667 632 1680 ‚
668 1652 776 1685 neque
797 1639 874 1686 ipsis
899 1639 1053 1686 exceptis
1083 1667 1094 1680 ,
1120 1653 1193 1686 quae
1216 1641 1496 1685 jurispatronatus

74 1686 150 1722 sunt
173 1714 184 1727 ,
210 1689 241 1723 &
267 1700 477 1736 quacumque
505 1687 763 1725 immemorabili
784 1686 1030 1723 consuetudine
1055 1686 1177 1729 rejecta
1202 1701 1211 1721 ι
1250 1689 1333 1723 Haec
1367 1687 1494 1720 habent

76 1733 241 1769 parochi:
268 1738 302 1770 A
319 1735 570 1776 Beneficiariis,
596 1735 653 1783 qui
675 1747 766 1771 nova
796 1735 957 1782 possident
973 1735 1167 1776 Beneficia,
1192 1736 1344 1770 libellum
1366 1732 1494 1782 jurium

71 1783 224 1863 ἲοὲιριιιιι
245 1783 422 1820 habuimus
447 1809 458 1824 ,
498 1785 646 1832 pertinet
669 1783 787 1830 itaque
819 1786 859 1818 ad
887 1781 1170 1818 Eminentiffimos
1191 1783 1306 1818 Patres
1335 1778 1494 1817 definitio

95 1840 117 1863 u
141 1839 165 1863 ιι
190 1856 199 1865 .

28 1880 89 1911 -An
113 1875 278 1918 Beneficia
302 1881 415 1917 erecta
446 1879 518 1928 post
537 1881 682 1920 lTaxam
711 1880 840 1923 fastam
859 1886 926 1925 pro
947 1879 1097 1914 mercede
1123 1876 1282 1924 Magistri
1309 1875 1493 1914 seminarii

79 1922 213 1965 Sarfinae
240 1925 456 1964 contribuere
479 1926 620 1966 debeant
647 1927 740 1964 diffie
761 1927 933 1965 mercedi,
956 1927 1009 1961 ita
1030 1933 1068 1960 ut
1082 1922 1129 1968 fit
1151 1924 1246 1963 locus
1263 1935 1351 1963 novo
1375 1931 1493 1972 repar·

65 1971 215 2010 -tt'mento
243 1975 280 2011 in
305 1974 381 2022 casu
405 1978 480 2014 &a

142 2731 307 2766 Tom0XV·
965 2725 994 2762 Β
1419 2725 1491 2762 Die

1521 506 1644 546 sest-23·
1655 510 1728 538 ΜΒ.

1524 546 1624 585 der-eſs
