1874 2961
126 119 232 156 alium
245 146 255 161 ,
280 118 382 155 liceat
396 117 672 155 Eminentissimo
687 116 875 154 Ordinatio
888 116 1145 152 Vvormatienli
1168 117 1325 156 interess'e
1341 145 1351 160 ,
1380 120 1412 155 δι
1426 84 1508 167 pn&

130 166 234 202 sidere
250 177 309 214 per
333 168 443 212 plures
455 166 709 203 Commissarios
728 169 770 201 ab
785 164 858 213 ipso
872 164 1081 216 deputatos?

44 212 112 249 Ill.
137 215 196 249 An
221 217 261 251 ad
272 217 382 250 adum
395 215 572 250 eleetionis
594 214 869 250 conscribendum
894 213 1031 246 admitti
1057 212 1162 247 etiam
1188 212 1313 249 debeat
1329 214 1481 250 notarius·
1497 237 1507 253 .

130 261 187 294 vel
208 261 448 297 Cancellarius
473 261 587 296 Curiae
613 261 822 309 Episcopalis
839 259 1075 296 Vvormatien.
1090 287 1100 300 ‚
1126 261 1183 296 seu
1208 261 1319 306 potius
1335 261 1373 297 P.
1387 262 1506 297 Secre-

133 311 241 345 tarius
256 309 400 345 Abbatis
412 308 596 355 Regularis
612 319 744 345 tantum
760 333 770 342 .

42 354 108 390 lV.
134 357 194 391 An
211 358 375 402 completa
391 355 573 391 Canonica
588 357 751 392 elefflone
766 384 775 397 ‚
797 356 897 392 liceat
914 354 1031 393 eidem
1059 355 1334 390 Eminentissimo
1359 355 1507 391 Ordina-

133 402 184 438 rio
197 432 207 446 ‚
232 405 289 438 vel
303 403 375 445 ejus
390 402 629 449 Vicesgerenti
651 405 857 440 neoelectam
872 403 1041 440 installare
1060 430 1070 444 ,
1093 403 1192 449 cique
1205 401 1442 449 possessionem
1457 403 1508 437 di-

132 449 273 495 gnitatis
286 478 295 491 ‚
320 452 353 485 &
368 449 471 487 officii
484 451 675 487 Abbatialis
692 451 826 488 tradere
839 477 848 487 .

40 497 90 532 V.
115 497 172 532 An
194 498 256 545 ipsi
270 498 550 534 Eminentissimo
565 499 751 536 Ordinatio
767 508 938 545 competat
962 498 978 540 J
985 509 1020 533 us
1038 497 1228 537 Abbatissas
1241 499 1360 535 electas
1382 494 1507 533 confir-

132 547 244 581 mandi
260 572 271 581 .

40 592 107 627 Vi.
132 593 193 630 An
218 595 326 630 eidem
343 593 621 631 Eminentissimo
638 594 823 630 Ordinario
844 595 900 636 Jus
930 604 1102 641 competat
1117 594 1370 635 denunciandi,
1393 594 1425 629 δι
1447 589 1510 626 de-

133 642 341 678 terminandi
371 643 459 677 diem
483 641 657 678 electionis
677 641 841 678 faciendae
856 670 865 682 ‚
888 642 941 678 seu
977 646 1088 689 potius
1107 641 1404 679 Reverendissimo
1433 641 1509 676 Ab-

136 689 210 725 bati
227 687 469 724 Eberbacensi.²
496 693 539 726 (φ
554 699 722 737 quatenns
753 694 917 734 negative
944 693 1214 739 quoadprimam
1228 715 1238 729 ,
1269 694 1313 727 Θ
1329 688 1510 733 affirmati-

40 785 122 820 Vll.
136 738 676 836 Xeriqellchizffdien-sslrztliyiiigindz
692 784 830 835 nemine
855 794 898 818 ex
922 794 1020 836 parte
1043 782 1509 834 EminentissimiOrd-inarii

133 841 349 879 comparente
364 857 375 873 ‚
394 831 497 865 liceat
519 830 815 866 Reverendismmo
831 832 962 867 Abbati
995 830 1218 868 Eberbacensi
1242 832 1282 865 ad
1306 830 1511 865 electionem

133 881 318 927 procedere
341 880 376 912 in
398 877 475 912 casu
493 880 561 914 ἃς.

40 926 142 962 Vlll.
164 929 223 964 An
237 925 308 973 post
325 933 466 959 mortem
493 924 674 962 Abbatissae
691 926 793 961 liceat
806 925 1107 962 Reverendissimo
1122 923 1312 961 Ordinatio
1329 923 1488 959 claudere
1500 948 1511 962 ,

136 975 342 1021 proprioque
370 971 481 1018 sigillo
501 972 676 1020 obsignare
696 973 853 1009 cubicula
869 974 1087 1016 Abbatialia,
1114 982 1215 1021 atque
1234 975 1274 1009 de
1296 969 1510 1011 substantia.»

137 1020 337 1058 Monasterii
352 1019 586 1056 inventarium
608 1019 777 1056 conficere
801 1021 837 1055 in
857 1020 935 1055 casu
950 1021 1018 1058 &c.

144 1123 267 1160 Dilata
284 1145 294 1160 ,
320 1120 351 1156 &
371 1128 581 1167 proponatur
600 1120 740 1157 omnino
762 1120 797 1157 in
815 1119 920 1167 prima
935 1147 944 1160 .,

44 1269 358 1354 NARNIEN.
384 1266 730 1304 MATRlMONlI.
755 1269 874 1315 Nupta
899 1270 1010 1306 mense
1024 1270 1210 1306 Februario
1231 1269 1310 1305 anni
1328 1279 1428 1315 ¹740·
1445 1268 1512 1305 La-

165 1319 261 1354 vinia
278 1317 420 1352 Cardoli
436 1315 561 1351 nobilis
573 1315 682 1362 Virgo
697 1317 808 1352 nobili
824 1317 909 1352 Viro
927 1318 1088 1364 Philippo
1102 1318 1231 1354 Racani
1248 1319 1316 1362 post
1328 1317 1514 1363 quinque,

91 1366 243 1401 nofflum
267 1364 484 1399 concubitum
497 1362 686 1409 Virginem
706 1363 774 1398 sese
795 1364 905 1399 adhuc
922 1366 1020 1401 novit
1033 1391 1043 1404 ,
1068 1365 1198 1400 fatente
1212 1367 1301 1401 Viro
1322 1363 1512 1401 imbecilli-

88 1421 194 1447 tatem
222 1413 338 1450 suam,
363 1411 448 1446 licet
462 1418 585 1444 neuter
610 1410 739 1456 aliquid
763 1410 918 1447 omisisset
947 1438 956 1450 ,
980 1424 1046 1456 quo
1061 1411 1186 1458 possent
1206 1414 1374 1456 jacentem
1391 1413 1514 1447 Vene-

86 1470 161 1494 rem
172 1461 324 1496 excitare
338 1483 348 1494 .
376 1457 534 1495 Divertit
551 1457 763 1503 igituaror
776 1460 817 1494 ab
839 1458 973 1495 imbelli
988 1459 1076 1495 Viro
1089 1486 1099 1499 ‚
1123 1471 1224 1505 quem
1244 1460 1298 1495 die
1317 1464 1365 1495 16.
1386 1459 1511 1495 Mensis

89 1505 179 1542 Maii
193 1505 338 1550 ejusdem
356 1505 436 1539 anni
461 1515 497 1539 m
521 1504 577 1545 Jus
593 1505 751 1545 vocavit,
775 1507 957 1551 oblataque
976 1508 1111 1552 querela
1137 1507 1308 1542 nullitatis
1324 1506 1510 1542 Matrimo-

88 1553 165 1593 nii,
190 1552 398 1600 postulavit,
425 1561 464 1588 ut
483 1551 567 1589 Vir,
593 1562 633 1586 eo
662 1552 795 1592 soluto,
819 1565 871 1590 res
896 1554 967 1588 suas
989 1553 1048 1589 fibi
1071 1553 1232 1591 habe-ret.
1260 1555 1416 1600 Negavit
1444 1555 1509 1591 Vir

89 1600 160 1635 sese
182 1601 359 1648 ineptum,
384 1600 612 1645 inutilemque
637 1600 782 1636 Veneris
808 1602 909 1640 lud03
933 1601 1039 1642 Judex
1066 1602 1158 1637 diem
1187 1601 1275 1638 dixit
1298 1601 1510 1646 inspiciendo

90 1647 369 1696 Virilicorpori,
395 1646 448 1682 sed
473 1647 531 1694 qui
554 1647 586 1681 se
613 1645 759 1684 ferocem
779 1648 1004 1694 cupidumque
1028 1649 1226 1694 praestiterat
1252 1649 1285 1683 in
1315 1649 1509 1694 postulanda

91 1693 299 1742 inspectione
313 1722 323 1734 ,
350 1694 460 1729 defuit
472 1693 565 1733 Vir,
589 1706 651 1730 nec
676 1695 862 1742 periculum
877 1694 1005 1730 virium
1026 1697 1157 1731 suarum
1182 1696 1294 1732 facere
1315 1696 1453 1736 voluit,
1475 1697 1508 1732 δι

90 1752 130 1776 ut
152 1755 263 1778 moras
278 1744 452 1781 nefiteret,
477 1743 667 1788 appellavit
682 1746 871 1785 adem-eto,
895 1754 962 1789 quo
975 1742 1082 1783 Judex
1099 1742 1224 1778 indicta
1245 1743 1318 1778 aeris
1343 1754 1429 1789 pena
1454 1743 1507 1785 iu-

90 1787 213 1830 bebat,
238 1800 276 1826 ut
302 1790 370 1825 sese
394 1789 640 1836 inspiciendum
664 1791 852 1837 praestaret:
881 1790 935 1825 sed
953 1801 1038 1835 ope,
1064 1789 1204 1826 consilio
1219 1791 1444 1831 Amicorum,
1475 1790 1507 1825 ὅ(

89 1839 417 1884 consanguineorum
441 1837 533 1871 vieta
554 1838 668 1882 puella
684 1838 787 1873 rediit
808 1837 847 1871 ad
861 1839 994 1872 domum
1006 1837 1121 1873 mariti
1135 1862 1146 1876 ‚
1170 1848 1293 1872 novum
1314 1837 1353 1872 de
1377 1838 1509 1873 viribus

91 1884 243 1926 ejusdem
260 1885 384 1920 factura
398 1885 587 1929 periculum
604 1910 612 1917 .
635 1886 816 1920 Pharmaca
841 1885 981 1924 omnia,
1006 1885 1038 1920 &
1054 1896 1127 1932 quae
1148 1885 1284 1920 medicae
1308 1885 1387 1921 artis
1415 1897 1506 1930 prae-

87 1941 185 1977 cepta
210 1932 391 1979 suggerunt
414 1956 426 1970 ‚
461 1931 706 1967 medicamenta
726 1960 735 1973 ‚
773 1934 804 1968 &
828 1931 973 1977 praefidia
997 1931 1031 1966 in
1056 1931 1190 1967 irritum
1217 1931 1340 1967 cess'ere
1363 1959 1374 1973 ,
1400 1930 1509 1967 retusa

88 1978 235 2025 semper,
265 1981 296 2014 ὁ(
319 1980 450 2022 iacente
476 1978 567 2013 hasta
595 1980 725 2020 Virili,
750 1979 939 2031 frustraque
962 1990 1062 2024 opem
1086 1979 1215 2014 ferente
1229 1991 1332 2014 uxore
1360 1978 1482 2015 osculis
1498 2005 1509 2019 ‚
1551 2009 1554 2012 .

86 2026 315 2074 mollibusque
342 2026 558 2074 amplexibus
574 2054 584 2066 ‚
610 2026 750 2074 aliisque
774 2028 916 2062 Veneris
944 2027 1038 2061 irrita
1057 2026 1178 2061 mentis
1201 2051 1211 2060 .
1240 2026 1338 2062 Victa
1362 2027 1512 2072 itaque,

87 2083 256 2110 annorum
280 2073 448 2120 patientia
472 2073 643 2116 judicium
658 2075 798 2121 repetiit
812 2085 915 2112 uxor3
939 2075 1074 2119 Corpus
1090 2073 1167 2108 Viri
1190 2072 1365 2120 inspexere
1378 2073 1485 2109 Periti
1501 2099 1513 2115 ,

92 2122 221 2168 optima
236 2121 376 2168 quidem
390 2129 461 2155 erat
473 2121 617 2166 partium
629 2122 787 2157 omniurn
803 2119 1030 2158 conformatio
1045 2147 1056 2160 ‚
1080 2121 1137 2156 sed
1155 2121 1261 2164 jacuit
1275 2121 1406 2168 semper
1417 2128 1513 2155 trun-

88 2181 145 2207 cus
164 2171 304 2215 ingens,
330 2167 620 2206 blanditiislicet‚
647 2169 814 2215 mollique
836 2168 925 2203 taQu
950 2178 1020 2203 turn
1048 2167 1144 2214 ipsius
1161 2168 1263 2207 Viri,
1286 2176 1358 2202 tum
1382 2167 1514 2203 Perito-

87 2229 165 2255 rum
185 2216 391 2251 invitaretur
418 2216 458 2249 ad
480 2215 702 2251 attollendum
722 2225 820 2261 caput
842 2242 852 2255 ‚
878 2215 910 2249 δι
935 2215 1029 2262 quod
1057 2214 1164 2260 magis
1189 2213 1236 2250 est
1253 2240 1264 2254 ‚
1290 2214 1369 2251 licet
1386 2214 1513 2250 nobilis

92 2263 286 2310 fervidique
299 2263 373 2298 vini
392 2262 551 2297 fomentis
565 2263 736 2298 cierentur
748 2272 840 2299 artus
855 2288 866 2302 ‚
890 2263 922 2296 δι
935 2264 1051 2303 nervi,
1076 2261 1288 2310 musculique
1303 2262 1347 2298 ad
1360 2262 1512 2298 officium

90 2319 358 2348 revocarentur;
384 2309 540 2357 Rogatus
558 2310 623 2345 Vir
639 2310 670 2345 se
684 2310 796 2346 verbis
811 2311 933 2345 fortem
947 2309 1037 2345 dixit
1053 2309 1087 2344 in
1101 2309 1248 2344 Palestra
1262 2309 1407 2345 Veneris
1420 2335 1431 2349 ,
1457 2309 1511 2350 ja-

91 2358 196 2394 Ctavit
211 2357 383 2396 faeminas,
409 2359 514 2393 etiam
531 2360 703 2392 contracto
715 2358 941 2394 Matrimonio
954 2384 964 2397 ,
989 2355 1180 2403 cognovisse
1193 2381 1203 2394 ‚
1229 2365 1308 2393 ante
1329 2356 1416 2392 illud
1428 2365 1512 2390 con-

1557 1265 1681 1307 &ss-24.
1691 1267 1768 1296 cat·

1559 1307 1595 1337 de
1606 1308 1661 1345 resi
1685 1307 1766 1336 Mat.

93 2406 238 2441 trassum
259 2406 375 2439 morbo
398 2406 525 2451 gallico
554 2404 739 2446 laborass'e,
760 2405 856 2448 cujus
873 2414 984 2439 tamen
1009 2403 1105 2438 nulla
1129 2402 1292 2449 vestigia,
1320 2403 1512 2448 nullaquo
1556 2436 1558 2438 .

95 2452 184 2499 signa
199 2451 305 2487 Periti
325 2460 559 2498 agnoverunt,
586 2451 678 2487 faffus
700 2452 746 2487 est
771 2463 911 2487 uxorem
934 2452 1092 2486 intaetam
1115 2475 1125 2489 ‚
1152 2450 1423 2496 inviolatamque
1446 2446 1513 2483 ess'e

95 2510 167 2534 non
190 2498 319 2534 virium
333 2500 464 2534 suarum
476 2496 673 2534 infirmitate
687 2527 697 2539 ,
722 2499 773 2534 sed
796 2510 889 2534 metu
908 2496 1121 2533 verecundiae
1134 2522 1144 2536 ,
1169 2497 1257 2543 quod
1271 2496 1436 2535 Patruus,
1451 2496 1513 2543 qui

94 2544 304 2582 matrimonii
326 2546 531 2582 conciliator
550 2545 658 2580 suerat
685 2573 695 2586 ‚
732 2546 890 2593 proximo
907 2546 1061 2581 cubiculo
1080 2544 1247 2579 dormiret
1269 2571 1277 2578 .
1307 2543 1514 2586 judicium..-

92 2593 198 2637 jurati
222 2593 389 2629 dederunt
413 2593 520 2629 Periti
546 2592 742 2638 Philippum
765 2592 944 2629 Racanum
971 2591 1089 2626 Uxore
1107 2590 1163 2625 sua
1184 2589 1286 2636 potiri
1310 2602 1378 2626 non
1394 2588 1514 2640 poss'e.

93 2651 155 2675 nec
178 2639 357 2674 muliebria
383 2640 525 2676 claustra
559 2652 775 2686 perrumpere
793 2640 881 2675 vitio
905 2637 1135 2674 musculorum
1159 2664 1170 2678 ‚
1201 2638 1258 2684 qui
1279 2638 1405 2674 molem
1426 2647 1516 2672 arri-

93 2699 169 2734 gere
193 2698 260 2721 non
282 2688 423 2732 poffint,
447 2699 510 2723 nec
524 2688 660 2723 extendi
690 2697 748 2723 aut
772 2688 963 2768 turgescess
987 2685 1124 2721 valeant
1149 2685 1330 2733 praepcditi
1345 2682 1515 2733 paralysi,

143 2739 309 2771 Tom.XV.
1469 2737 1529 2765 aut
