1883 2907
325 95 433 182 {ffent
451 142 580 181 ‚atque
594 129 804 180 postpositi,
823 125 1050 173 imposterum
1067 151 1078 169 ,
1110 134 1148 162 ut
1176 126 1322 170 solent,
1349 126 1645 174 appellantibus,
1677 127 1790 167 indul·

329 189 441 240 genda
462 197 525 220 nec
540 196 580 219 nc
596 183 713 220 statim
731 178 837 217 elefi‘ti
852 188 984 214 novum
1002 176 1046 212 ad
1061 188 1214 218 examen
1236 181 1453 225 provocatio
1468 207 1480 222 ,
1498 179 1595 215 nulla
1612 182 1790 220 gravami-

325 245 377 283 nis
393 234 630 287 praerequisita
648 233 864 281 probatione
881 255 892 270 ‚
924 229 1133 273 videretur3
1160 242 1239 266 cum
1258 228 1311 265 isti
1328 243 1374 266 ex
1392 232 1482 267 actis
1500 233 1604 277 primi
1620 233 1793 269 examinis

329 300 521 330 cravamen
542 285 726 324 Doctrina:
736 281 842 319 facile
858 280 1020 326 alioquin
1036 280 1193 326 probare
1212 281 1347 328 pofl'ent
1365 299 1375 325 ς
1403 283 1502 335 quod
1531 282 1593 318 alii
1612 284 1715 320 aliter
1733 285 1784 319 ni-

326 328 454 384 }iiirum
470 338 658 378 examinati
679 336 832 385 probare
851 358 863 374 ‚
882 329 942 364 nist
957 329 1110 365 secundo
1127 357 1138 373 ‚
1157 332 1217 371 seu
1234 345 1330 370 novo
1341 337 1503 371 examine
1517 346 1586 370 non
1606 344 1789 380 poterant.

326 399 412 437 Nec
428 392 571 430 defuere
583 390 642 424 alii
658 383 851 438 probitatis
866 407 878 424 ‚
896 392 936 416 ac
955 381 1135 426 peritiaein
1152 383 1439 425 administrandis
1456 387 1517 423 diu
1535 385 1698 422 Eut-lestis
1719 386 1792 423 lau.

327 452 369 487 de
389 444 614 496 praestantes,
647 442 929 491 quinionerent‚
958 431 1095 468 frenum
1121 434 1272 485 aliquod
1303 437 1502 485 hujusmodi
1528 437 1793 486 appellantium

330 499 482 540 licentiae
497 494 634 533 tandem
649 486 877 539 injiciendum
894 510 904 528 a
923 495 1120 532 eOrumque
1132 487 1204 532 jam
1221 489 1324 523 nimis
1343 491 1486 527 crebras
1506 500 1636 526 novum
1654 490 1698 524 ad
1713 500 1796 526 exa-

327 566 405 591 men
425 546 702 599 provocationes
719 538 784 576 effe
801 537 1046 584 reprimendas
1064 539 1228 586 5quippe
1243 550 1321 588 quae
1333 542 1394 577 vix
1407 553 1563 591 unquam
1584 539 1649 575 sine
1664 553 1795 587 magno

329 601 567 642 Ecclefiarum
582 597 712 633 damno
727 590 946 634 contingunt
963 615 972 625 .
992 586 1090 626 Nam
1104 600 1184 624 curn
1205 601 1337 627 novum
1354 605 1500 630 examen
1531 592 1798 638 coramjuuice

330 649 585 702 appellationis
602 647 707 691 longe
726 640 852 690 procul
869 652 889 676 a
908 638 1083 675 Parochia
1094 642 1337 686 peragendum
1366 646 1432 685 sit;
1466 643 1610 682 E1eftus
1642 641 1686 679 ab
1715 643 1802 692 Epi..

327 708 456 753 scopo,
474 703 537 749 qui
555 706 798 748 provocatur,
818 691 1026 729 parochiam
1043 715 1055 731 5
1071 702 1179 737 quam
1197 692 1346 740 poffidet
1363 723 1374 738 ‚
1392 699 1538 742 cogitur
1558 696 1692 731 interea
1711 705 1802 731 tem-

331 759 431 806 poris
446 753 602 790 deserere
620 777 631 793 ‚
645 757 794 797 eamque
810 753 999 783 oeconomo
1017 768 1028 784 2
1046 747 1103 779 vei
1128 754 1141 779 t
1158 744 1272 784 icario
1300 748 1446 794 copiam
1465 775 1475 791 ,
1505 747 1620 785 veluti
1637 745 1801 794 sponsam

330 807 468 854 ignotis
483 801 693 841 custodibus
713 826 725 842 ‚
755 796 957 843 relinquere
974 821 985 837 ‚
1003 791 1131 839 sponso
1150 806 1218 830 non
1244 807 1437 847 parumper
1452 827 1463 842 ‚
1494 798 1550 834 sed
1565 799 1628 834 diu
1646 796 1727 835 sane
1745 796 1803 836 ab·

325 860 460 896 -futuro
476 870 487 900 ;
504 855 587 891 dum
606 862 732 899 nempe
748 876 758 892 ‚
781 846 965 894 implicita
981 872 992 888 ,
1012 855 1050 880 ut
1065 844 1105 880 fit
1118 872 1129 889 ,
1149 846 1214 882 lite
1227 873 1238 890 ,
1256 858 1355 885 terna
1374 853 1481 887 etiam
1496 877 1505 892 ,
1526 851 1581 886 vel
1596 858 1769 898 quaterna
1785 875 1799 892 .

329 910 404 946 alia
420 919 463 944 ex
481 907 584 948 aliis,
606 903 767 940 examina
797 898 900 945 super
929 893 1126 945 praestantia
1159 899 1313 944 primum
1343 902 1516 939 doetrinae
1534 929 1545 945 ,
1565 911 1641 938 turn
1670 899 1800 937 deinde

330 962 498 1000 aliorum,
515 967 592 1006 quae
606 955 650 991 ad
667 949 913 997 integrandam
939 949 1171 989 idoneitatem
1192 960 1400 1002 Opportuna
1431 953 1510 994 sunt
1526 983 1535 1000 ,
1569 953 1798 991 contentiose

329 1010 616 1056 multiplicentur
632 1033 642 1049 ‚
660 1004 694 1040 8<
712 1000 899 1043 commode
915 1024 926 1040 ‚
939 1012 983 1036 ne
994 1000 1111 1036 dicam
1129 1001 1249 1037 otiose
1269 1029 1274 1038 .
1306 1002 1547 1051 transigantur
1559 1031 1570 1048 ‚
1593 1014 1797 1058 antequam

331 1061 522 1098 deliberari
540 1057 660 1107 possit
672 1056 744 1093 utri
759 1053 1051 1092 concurrentium
1069 1051 1246 1093 Parochia
1265 1053 1306 1094 fit
1323 1055 1561 1097 adjudicanda
1578 1083 1588 1094 .

382 1112 444 1151 Ad
457 1109 649 1147 tollendam
667 1104 841 1156 ejusmodi
858 1114 928 1144 non
944 1104 1059 1139 minus
1074 1105 1300 1152 querelarum
1317 1132 1328 1149 ,
1360 1119 1467 1158 quam
1485 1107 1796 1148 incommodorum

332 1163 545 1204 occasionem
561 1189 572 1205 ‚
589 1163 699 1197 Sacra
717 1158 860 1204 Congr.
878 1156 1039 1193 Concilii
1056 1155 1260 1194 Tridentini
1278 1157 1460 1205 interpres
1481 1188 1491 1204 ‚
1518 1157 1706 1208 postquam
1722 1169 1796 1195 rem

331 1227 471 1255 omnem
487 1213 506 1251 a
521 1214 639 1260 capite
653 1212 845 1258 repetitam
862 1207 898 1244 in
911 1209 1055 1252 gemina
1073 1205 1212 1243 seffione
1248 1218 1277 1247 ι.
1294 1208 1460 1254 Octons,
1498 1215 1532 1248 δι
1556 1212 1612 1248 16.
1629 1209 1797 1246 Novem—

333 1271 406 1308 bris
427 1278 532 1315 ¹720·
550 1265 683 1303 summo
699 1261 815 1300 studio
831 1261 1073 1304 recognovit,
1104 1257 1258 1301 tandem,
1275 1259 1498 1299 Sanctiffimo
1516 1263 1623 1299 etiam
1641 1271 1800 1297 annuen-

331 1333 368 1360 te
384 1348 395 1365 ‚
410 1319 531 1356 statuit
547 1315 679 1364 (quod
697 1324 762 1361 per
778 1310 963 1360 praesentes
980 1312 1128 1351 Literas
1140 1311 1345 1362 encyclicas
1360 1315 1586 1363 exequitur)
1602 1325 1742 1355 omnes,
1761 1311 1800 1349 8c

332 1371 491 1418 singulos
514 1366 716 1416 Episcopus
734 1392 745 1408 ,
774 1362 932 1414 aliosque
953 1362 1123 1400 Praelatos
1140 1388 1150 1404 ‚
1170 1364 1280 1409 penes
1294 1375 1384 1414 quos
1401 1364 1422 1399 fi
1434 1366 1524 1413 jus·‚
1541 1366 1576 1403 &
1596 1363 1798 1403 auftoritas

331 1421 489 1462 faciendi
504 1418 712 1459 concursum
737 1443 749 1459 ‚
769 1415 905 1452 hortari
924 1438 935 1454 ‚
954 1424 992 1449 ut
1005 1425 1151 1451 examen
1169 1413 1343 1460 ejusmodi
1356 1414 1539 1457 instituere
1553 1429 1622 1452 non
1637 1426 1799 1463 graven-

333 1486 394 1513 tur
411 1500 422 1515 ‚
442 1471 630 1522 qualejam
646 1497 657 1513 ‚
672 1471 707 1511 &
723 1467 842 1505 multae
857 1463 1043 1505 Dioeceses
1056 1491 1067 1508 ,
1089 1466 1124 1500 8<
1145 1464 1242 1501 Urbs
1257 1465 1330 1512 ipsa
1350 1466 1517 1504 observat
1539 1494 1549 1510 ‚
1565 1480 1672 1516 atque
1693 1466 1802 1513 Apo-
1836 1465 1848 1471 ’“

329 1526 459 1564 stolica
474 1524 580 1562 etiam
598 1519 751 1561 Dataria
768 1517 927 1570 postulat
941 1542 953 1555 .
970 1516 1039 1556 five
1056 1544 1068 1561 ,
1083 1528 1164 1553 cum
1178 1543 1190 1559 ‚
1208 1516 1301 1556 Sede
1318 1528 1466 1556 vacante
1484 1546 1495 1566 ‚
1514 1529 1623 1557 vocat
1645 1516 1800 1557 Ecclesia

334 1579 457 1627 aliqua
476 1573 700 1611 Parocbialis
717 1597 728 1614 ‚
759 1570 862 1618 cujus
882 1569 1034 1608 collatio
1051 1569 1096 1607 ad
1114 1568 1242 1605 Sedem
1256 1567 1507 1616 Apostolicam
1523 1569 1705 1619 pertineat
1721 1582 1733 1614 ς
1764 1567 1802 1606 fi·

333 1642 380 1666 ve
393 1639 474 1665 cum
488 1636 593 1665 vacat
607 1622 826 1661 Parochialis
843 1621 963 1669 aliqua
979 1648 990 1664 ,
1021 1630 1063 1658 ut
1077 1620 1211 1656 dicitur
1226 1645 1237 1662 ‚
1266 1619 1371 1667 juxta
1396 1621 1590 1661 Decretum
1607 1649 1618 1665 ‚
1652 1620 1723 1660 sive
1737 1619 1800 1654 de-

335 1692 430 1717 mum
444 1705 456 1723 ‚
471 1689 551 1714 cum
566 1704 578 1720 ,
595 1684 745 1715 vacante
761 1674 796 1707 in
811 1672 1029 1718 Collegiatis
1046 1699 1056 1715 ‚
1087 1681 1151 1707 aut
1163 1670 1444 1710 Catbedralibus
1472 1673 1639 1713 Eccleiiis
1667 1671 1805 1717 Digni-

335 1741 410 1767 tate
424 1730 545 1779 aliqua
560 1727 684 1773 majori
703 1752 713 1768 ,
737 1735 908 1763 annexam
925 1724 1075 1760 habente
1090 1735 1212 1759 curam
1230 1723 1425 1759 animarum
1443 1725 1627 1761 faciendus
1645 1723 1693 1760 est
1712 1734 1803 1759 con-

340 1782 463 1818 cursus
478 1807 490 1823 ,
506 1791 614 1829 atque
627 1778 670 1814 ad
687 1773 935 1822 Apostolicam
952 1775 1143 1811 Datariam
1161 1773 1456 1814 transmittendus
1472 1804 1483 1820 ‚
1516 1786 1556 1812 ut
1576 1785 1699 1812 notum
1716 1772 1765 1811 est
1783 1801 1796 1819 ,

336 1843 447 1883 atque
474 1833 508 1867 in
524 1829 652 1869 Literis
667 1855 677 1871 ‚
706 1837 784 1876 quae
810 1827 853 1867 de
882 1827 1008 1864 ordine
1025 1824 1238 1862 Sanetiffimi
1256 1851 1267 1871 ,
1284 1836 1371 1863 tunc
1389 1840 1409 1863 a
1425 1827 1579 1867 Dataria
1596 1827 1795 1877 prodeunt,

340 1885 435 1920 clare
452 1880 693 1929 praescribitur
710 1877 724 1918 ‚⁴

391 1935 556 1973 Vacante
573 1934 691 1978 itaque
708 1929 865 1966 Ecclesia
880 1928 1096 1972 parochiali,
1114 1941 1192 1980 qux
1207 1929 1420 1968 conferenda
1433 1930 1473 1966 sit
1492 1943 1554 1979 per
1571 1929 1797 1975 concursum,

341 1997 447 2035 atque
459 1986 526 2020 hoc
540 1982 654 2021 solitis
669 1981 836 2019 formulis
851 1981 988 2016 indicto
1004 2007 1015 2024 ,
1041 1982 1113 2016 haec
1127 2008 1137 2024 ‚
1153 1993 1229 2029 quae
1247 1982 1441 2032 sequuntur
1455 2009 1466 2026 ‚
1485 1993 1534 2021 ex
1551 1981 1590 2018 S.
1609 1983 1798 2030 Congreg-

341 2037 524 2075 Sententia
538 2062 548 2077 ,
564 2031 713 2071 consilio
727 2057 739 2074 ‚
755 2032 910 2068 suafione
922 2060 933 2075 ‚
954 2031 1121 2071 servanda
1136 2043 1388 2080 proponuntur
1403 2061 1412 2072 .
1762 2030 1766 2031 ’

399 2086 558 2123 Primum
571 2097 696 2131 nempe
712 2111 722 2127 ,
751 2093 788 2121 ut
805 2085 1018 2132 assignentur
1035 2085 1163 2124 eaedem
1179 2085 1345 2121 omnibus
1371 2087 1666 2123 concurrentibus
1693 2083 1804 2133 Qae-

345 2137 475 2175 stiones
491 2163 502 2179 ‚
520 2137 624 2173 iidem
640 2136 741 2173 casus
758 2163 768 2179 ‚
800 2137 966 2185 idemque
990 2135 1127 2180 Textus
1155 2136 1373 2183 Evangelii,
1403 2134 1508 2184 super
1537 2150 1611 2186 quo
1630 2135 1802 2173 sermonis

346 2187 484 2236 aliquid
500 2188 607 2233 persei
619 2187 716 2224 ibant
731 2214 742 2230 ‚
772 2189 814 2224 ad
830 2187 1051 2235 probandam
1068 2188 1212 2228 dicendi
1229 2201 1296 2236 pro
1309 2190 1479 2224 concione
1499 2188 1703 2225 facultatem
1721 2213 1732 2230 ,

396 2240 560 2274 Alterum
578 2265 589 2281 ‚
605 2248 646 2277 ut
660 2238 772 2274 Casus
788 2266 799 2282 ‚
833 2241 866 2274 8<
886 2238 1111 2289 Quaestiones
1125 2241 1338 2277 resolvendae
1356 2237 1538 2275 dietentur
1553 2238 1722 2276 omnibus
1740 2248 1801 2273 eo-

345 2291 424 2328 dem
439 2299 602 2336 tempore
620 2316 630 2334 ,
651 2299 758 2339 atque
789 2293 957 2330 omnibus
973 2293 1111 2338 pariter
1126 2292 1250 2332 eodem
1272 2301 1439 2342 tempore
1454 2291 1595 2332 Textus
1611 2288 1802 2335 Evangelii

345 2341 532 2380 tradantur
545 2369 554 2381 ,
702 2342 705 2344 ’

398 2392 560 2427 Tertium
576 2418 588 2435 ‚
605 2401 642 2428 ut
656 2402 792 2432 eertum
803 2420 815 2438 ‚
834 2394 998 2443 idemque
1012 2395 1178 2432 omnibus
1194 2395 1343 2444 spatium
1356 2397 1529 2442 temporis
1545 2391 1797 2435 constituatur,

349 2442 443 2476 intra
457 2444 553 2489 quod
583 2443 679 2482 casus
705 2446 907 2491 resolvant,
936 2445 1200 2499 Quaestionibus
1234 2446 1470 2494 respondeant
1483 2473 1495 2491 ‚
1527 2444 1802 2483 conciunculam

349 2503 565 2536 componant
579 2521 590 2535 .
973 2501 977 2503 '

404 2540 583 2590 Qrtum
599 2572 610 2588 ,
623 2556 661 2582 ut
674 2549 797 2586 eodem
813 2560 1065 2590 concurrentes
1080 2563 1201 2588 omnes
1214 2553 1248 2588 in
1264 2552 1444 2590 Conclavi
1460 2550 1669 2589 claudantur
1681 2574 1693 2593 ,
1712 2544 1805 2584 unde

353 2593 522 2647 quamdiu
544 2595 694 2635 scribent
710 2600 728 2647 )
743 2600 889 2642 dabitur
904 2607 994 2643 enim
1010 2605 1178 2645 omnibus
1191 2604 1367 2642 scribendi
1383 2604 1490 2655 copia
1509 2605 1528 2656 )
1561 2613 1665 2640 nemo
1682 2608 1806 2685 εοτιὲῐξι

1664 2660 1748 2699 egre
1778 2661 1804 2695 ι,
