1883 2907
91 1528 175 1566 δήια.
184 1539 269 1568 ²⁸⁶·3·

68 1566 185 1606 §est-2⁴.
194 1579 268 1602 σαι.

68 1608 174 1646 defef-

378 115 470 194 17ngus,
493 166 533 189 ne
564 154 681 189 solium
700 153 803 188 nimis
827 146 1018 187 excrescat:
1044 153 1124 191 Jura
1140 151 1441 200 Archipresbyteti
1458 151 1672 199 ignoramus,
1694 165 1782 192 non-

377 205 455 238 dum
478 205 570 239 enim
599 213 637 237 ea
660 200 758 236 nobis
793 201 934 234 tradidit
959 213 967 232 ε
998 197 1079 238 Eius
1111 212 1193 236 vero
1222 201 1435 242 coadjutores
1461 202 1516 237 seu
1541 203 1672 238 Vicatii
1689 229 1700 242 ‚
1722 205 1782 249 qui

376 260 472 285 nona
488 249 651 295 capitulo
670 275 679 287 ,
701 248 753 282 sed
779 247 821 281 ab
835 245 1147 294 Archipresbytero
1169 250 1204 282 in
1218 249 1385 289 judictum
1411 248 1522 284 vocati
1540 249 1673 285 fuerunt
1686 277 1695 290 ,
1712 252 1779 285 im-

376 307 492 331 munes
516 296 686 332 declarari
713 295 883 341 postulant
911 294 953 326 ab
981 293 1045 329 hoc
1070 305 1171 328 onere
1201 296 1362 335 ferendo,
1385 298 1470 341 quod
1502 305 1586 331 nutu
1612 298 1781 333 amovibi-

378 344 423 378 les
439 342 499 378 sint
515 371 523 384 ,
546 343 706 387 tenuique
725 353 837 375 annuo
863 339 1027 384 stipendio
1048 340 1215 376 scutorum
1237 343 1429 386 quindecim
1468 346 1624 379 conducn
1663 344 1778 381 alieno

377 393 512 426 nomine
530 389 738 437 parochialia
770 395 872 433 agant
887 385 1010 421 Officia
1030 415 1036 422 .
1065 388 1189 423 Petunt
1221 389 1337 436 itaque
1354 415 1363 429 ,
1390 401 1427 425 ut
1452 390 1661 436 authoritate
1685 393 1781 429 Sacri

377 438 474 480 hujus
496 440 636 473 Senatus
656 436 804 470 solvatur
825 435 873 469 eis
886 433 1062 469 Sacrorum
1090 447 1150 482 pro
1171 437 1297 482 populo
1313 439 1516 481 agendorum
1529 438 1779 484 eleemosyna„

376 496 418 519 ex
446 486 544 521 massa
570 482 841 518 distributionum
866 507 876 520 ‚
909 482 959 516 uti
982 479 1056 517 fieri
1080 482 1174 524 ajunt
1198 495 1216 517 a
1244 483 1429 519 Canonicis
1467 495 1525 529 pro
1549 486 1651 522 Sacro
1669 485 1775 522 Con..

376 533 529 569 ventuali
546 559 555 571 ‚
581 532 611 565 &
636 529 798 564 definivit
815 529 871 565 hic
886 527 1106 573 amplissimus
1128 530 1228 566 Ordo
1261 531 1296 565 in
1311 530 1408 566 causa
1435 537 1629 569 Ferrarien.
1645 533 1701 568 die
1722 537 1775 568 18.

376 579 497 614 Martii
523 578 599 613 anni
638 587 734 624 1-719.
760 576 799 610 ad
823 576 1001 621 septimum
1020 577 1180 612 dubium:
1210 578 1380 613 Omnibus
1404 578 1505 625 igitur
1527 579 1674 624 expensis
1696 593 1778 626 per-

375 626 462 662 tinet
489 627 527 661 ad
553 623 830 671 splendidissimos
853 623 971 658 Patres
999 625 1066 660 tria
1086 650 1097 663 ‚
1123 636 1197 670 quae
1224 625 1406 673 sequuntur
1424 655 1434 668 ,
1459 626 1696 662 controversiae
1717 638 1776 663 ca-

373 676 445 720 pita
468 673 627 709 definire.

327 734 353 762 J,
377 729 434 757 An
459 719 554 766 MiJJIz
573 719 793 754 ‘parochialis
811 717 857 761 sit
869 719 1072 757 celebranda
1092 728 1159 767 per
1171 723 1315 756 Turnum
1341 733 1361 755 a
1381 721 1535 769 Capitulo
1550 720 1697 763 Ecclefiae
1719 727 1779 757 Ca.

464 767 634 802 thedralis
659 766 905 804 ‘orbec-etam,
924 767 986 810 seu
1006 770 1127 815 potius
1146 767 1188 802 ab
1204 768 1537 816 .Archipresbytero,
1566 768 1627 803 vel
1640 784 1658 801 a
1673 772 1775 804 Vica-

463 813 824 866 riistamovibilibus,
851 813 883 848 δι
907 822 1075 859 quatenus
1105 814 1309 850 affirmative
1335 816 1447 862 quoad
1475 814 1656 851 secundam
1682 839 1694 855 ,
1718 816 1776 852 vel

460 870 601 897 tertiam
624 868 754 907 partem
771 888 777 896 .

324 917 366 947 II.
391 917 448 947 „An
472 907 783 956 Archipresbytcro
795 907 841 950 fit
849 909 1049 952 solvendam
1071 909 1277 954 eleemosvna
1299 921 1319 942 a
1337 911 1487 957 Capitvlo
1502 937 1512 952 ‚
1537 919 1599 943 aut
1619 911 1772 945 Vicarit's

452 956 664 1000 firsblvenda
689 954 731 989 ab
743 955 1057 1003 Archipreshytero
1072 983 1082 997 ,
1102 958 1162 994 vel
1182 970 1201 992 a
1230 957 1383 1005 capitxlo
1398 984 1407 997 ‚
1431 960 1461 992 &
1480 965 1648 1005 quatenus
1676 956 1771 992 affira

462 1002 587 1037 mative
613 1001 669 1036 vel
690 1003 798 1048 quoad
820 1003 963 1049 primam
977 1031 987 1045 ,
1011 1005 1068 1041 vel
1083 1003 1198 1051 quoad
1219 1003 1353 1038 tertiam
1367 1014 1528 1053 partem.

324 1059 378 1088 III.
404 1058 462 1088 An
478 1050 692 1095 Eleemosyna
716 1050 911 1096 defitmeuda
929 1051 975 1097 fit
999 1066 1043 1090 ex
1060 1052 1163 1099 Maffiz
1175 1051 1449 1094 distributionum
1478 1056 1514 1090 in
1538 1049 1614 1096 casu
1642 1051 1742 1089 &cs

416 1194 467 1229 Ad
494 1194 637 1237 primum
664 1195 826 1240 negative
849 1195 892 1230 ad
920 1195 1066 1242 primam
1089 1204 1244 1242 partem,
1267 1199 1379 1244 quoad
1403 1196 1578 1232 secundam
1593 1220 1603 1234 ,
1640 1195 1671 1230 δι
1691 1202 1768 1230 ter-

321 1240 400 1275 tiam
428 1241 540 1276 Miss'as
566 1238 630 1274 esse
661 1241 874 1277 celebrandas
894 1255 954 1289 per
980 1243 1333 1291 Archipresbyterum
1357 1271 1367 1284 ,
1391 1243 1459 1280 five
1483 1254 1541 1289 pro
1564 1254 1605 1277 co
1625 1252 1682 1287 pe.-
1701 1242 1772 1276 Vi-

317 1288 421 1323 carios
437 1315 446 1327 ‚
472 1290 501 1322 ὅ(
517 1288 679 1333 amplius.
709 1289 764 1324 Ad
791 1289 969 1326 secundum
1000 1292 1160 1335 negative
1189 1292 1229 1326 ad
1254 1292 1396 1337 primam
1422 1301 1554 1336 partem
1571 1316 1578 1328 ,
1604 1290 1636 1324 &
1661 1290 1769 1336 quoad

320 1334 492 1370 secundam
518 1336 767 1382 eleemosynam
789 1335 852 1371 effe
877 1337 1071 1373 solvendam
1101 1337 1248 1374 vicariis
1283 1339 1328 1374 ab
1357 1338 1706 1386 Archipresbytero'5
1732 1337 1768 1373 δε

319 1383 485 1429 amplius.
516 1382 570 1417 Ad
589 1385 727 1420 tertium
741 1384 913 1431 provisum
948 1386 983 1420 in
1005 1385 1206 1433 praecedenti
1220 1411 1231 1428 ‚
1254 1386 1287 1422 δι
1309 1388 1475 1433 amplius.

386 1525 606 1562 AVONEN.
636 1528 712 1562 DlS
722 1526 1100 1564 TRIBVTIONVM.
1126 1529 1288 1577 Podagrae
1310 1532 1428 1566 morbo
1439 1530 1596 1565 detentus
1618 1526 1760 1562 Franci*-

394 1571 464 1607 scur
481 1572 651 1609 xaverius
674 1574 853 1611 Picconius
881 1576 1079 1612 Savonenfis
1101 1577 1253 1613 Ecclestae
1268 1576 1491 1618 canonicus,
1521 1575 1603 1611 licet
1626 1575 1701 1609 οᾶο
1721 1573 1765 1610 ab

361 1619 440 1654 hinc
466 1621 562 1656 annis
575 1623 677 1656 choro
694 1622 848 1658 interesse
873 1623 963 1659 statis
987 1624 1078 1658 horis
1101 1636 1168 1659 non
1197 1624 1353 1671 potuiss‘et
1375 1654 1380 1661 .
1407 1623 1617 1671 quotidianas
1649 1631 1763 1657 tamen

361 1666 607 1703 distributiones
631 1679 794 1716 perpetuo
808 1671 941 1717 accepit
954 1697 965 1711 ,
990 1683 1028 1706 ac
1053 1671 1075 1705 fi
1099 1683 1211 1707 veram
1226 1671 1425 1718 praestitisset
1441 1671 1658 1719 praesentiam
1674 1695 1685 1708 ,
1711 1668 1764 1703 id·

360 1726 424 1761 que
450 1714 604 1758 permiffu
629 1715 775 1751 universi
810 1717 1060 1753 canonicorum
1078 1719 1251 1766 Collegii:
1278 1722 1326 1755 At
1342 1720 1424 1755 inde
1440 1718 1554 1754 visum
1567 1717 1614 1752 est
1640 1716 1767 1751 Cano-

360 1761 445 1796 nicis
459 1762 656 1805 quibusdam
681 1763 928 1807 indulgentiam
954 1768 1037 1801 hanc
1062 1766 1180 1801 divino
1201 1768 1334 1806 cultui,
1362 1767 1394 1802 &
1418 1765 1660 1801 Funetionibus
1689 1762 1762 1815 Ec.-

360 1806 544 1843 clestasticis
564 1810 760 1845 detrimenti
778 1812 922 1846 nimium
948 1812 1072 1848 inferre
1087 1840 1096 1853 ‚
1118 1815 1151 1849 8<
1176 1813 1253 1849 ideo
1279 1813 1552 1849 distributionum
1573 1809 1762 1861 extraord13

359 1855 489 1890 narium
512 1881 521 1894 ,
546 1856 576 1890 &
599 1867 636 1892 ut
662 1869 783 1893 vocant
809 1859 1058 1895 Fallentiarum
1089 1862 1324 1900 compendium
1340 1889 1347 1901 ,
1375 1874 1444 1908 quo
1468 1861 1671 1897 dumtaxat,
1699 1866 1761 1903 qul

360 1902 545 1942 intersunt,
569 1903 727 1939 fruuntur
741 1932 751 1944 ‚
779 1904 941 1940 Picconio
961 1917 1150 1954 negarunt.
1177 1908 1341 1943 Graviter
1365 1909 1433 1943 hoc
1454 1909 1535 1943 tulit
1552 1903 1733 1940 Picconius
1747 1927 1759 1942 ‚

359 1949 415 1994 qui
443 1951 483 1984 ob
507 1950 588 1984 idad
605 1951 833 1995 Amplissimos
857 1952 973 1987 Patres
987 1953 1164 1999 confugit,
1189 1956 1372 2001 auditoque
1398 1955 1582 2000 Epistopm
1607 1951 1665 1998 qui
1691 1950 1759 1984 duo

357 1997 599 2047 capitularium
623 1997 778 2045 responsa
792 1999 940 2047 epistolae
957 2000 1019 2036 suae
1034 1994 1190 2044 adjunxit
1213 2028 1224 2042 ‚
1245 2003 1340 2037 causa
1358 2013 1448 2037 nunc
1471 1999 1658 2036 definienda
1676 2008 1760 2045 pro-

358 2053 512 2087 ponitur.
1723 2052 1739 2058 ·’

311 2089 375 2124 Ait
393 2089 591 2128 Picconius;
618 2092 770 2128 Infirmos
786 2119 795 2132 ,
821 2095 1008 2141 morboque
1022 2122 1032 2136 ‚
1057 2104 1114 2130 aut
1127 2095 1215 2133 vitio
1229 2099 1378 2143 corporis
1397 2099 1554 2132 detentos
1570 2091 1759 2129 absentium

356 2147 470 2182 poenas
485 2163 495 2175 ,
519 2148 591 2183 qux
617 2149 733 2175 contra
753 2152 831 2181 eos,
859 2141 917 2188 qui
948 2143 1030 2178 bene
1054 2144 1175 2178 valent
1195 2171 1205 2184 ‚
1232 2144 1397 2190 impositae
1421 2145 1514 2182 sunt,
1545 2140 1631 2175 ferre
1649 2137 1762 2184 iniqu·-

356 2194 410 2217 um
426 2182 512 2222 effe,
540 2184 674 2230 ideoque
698 2188 809 2222 Sacris
836 2187 1016 2224 canonum
1033 2190 1191 2226 Decretis
1217 2192 1439 2226 constitutum
1471 2186 1566 2223 fuisse
1594 2195 1759 2232 reputan-

356 2230 415 2279 dos
442 2241 499 2280 eos
517 2228 580 2264 effe
597 2232 645 2266 uti
659 2235 838 2278 praesentes
852 2262 862 2274 ,
886 2245 924 2270 ut
939 2235 1139 2271 lucrifacere
1165 2238 1282 2282 poffint
1299 2236 1574 2272 distributionum
1598 2243 1761 2284 compen:

356 2276 411 2310 dia
427 2303 436 2316 ,
457 2277 569 2328 'idque
583 2277 647 2313 sive
664 2291 716 2315 res
733 2279 770 2315 sit
793 2284 831 2315 de
847 2282 886 2316 iis
906 2281 1199 2319 distributionibus
1215 2309 1224 2322 ‚
1249 2295 1321 2329 quae
1351 2284 1548 2318 tribuuntur
1573 2281 1644 2316 illis
1661 2308 1668 2316 .
1695 2288 1758 2325 qu!

356 2330 432 2372 vfere
454 2324 646 2364 intersunt,
674 2324 742 2363 five
767 2340 819 2362 res
846 2327 884 2362 fit
910 2329 950 2362 de
979 2330 1055 2365 aliis
1078 2357 1088 2370 ‚
1114 2343 1186 2376 quoe
1210 2330 1259 2365 ob
1285 2331 1523 2365 canonicorum
1550 2327 1760 2364 benevalen—

356 2376 440 2403 tium
467 2370 648 2406 absentiam
673 2375 887 2418 praesemi'bus
911 2376 1131 2418 accrescunt,
1154 2377 1241 2422 quod
1262 2377 1335 2412 ficta
1352 2377 1410 2411 illa
1438 2377 1545 2419 ajure
1567 2373 1762 2423 praesentia,

356 2425 454 2458 quam
468 2419 596 2467 praestat
615 2423 798 2457 canonicus
824 2421 978 2457 infirmus
992 2448 1002 2462 ‚
1027 2423 1115 2457 idern
1142 2424 1280 2469 operari
1304 2425 1425 2459 debeat
1449 2435 1486 2459 ac
1505 2435 1586 2459 vera
1601 2434 1641 2457 ex
1656 2431 1760 2467 regu-

358 2459 390 2493 la
409 2461 517 2514 Jburlsfl
542 2476 614 2509 quae
628 2467 703 2502 vult
725 2468 878 2504 eumdem
901 2467 965 2504 effe
992 2468 1146 2506 effectum
1167 2469 1311 2506 fictionis
1336 2472 1372 2505 in
1389 2471 1466 2507 casu
1493 2470 1570 2505 ficssto
1598 2497 1606 2508 ,
1632 2468 1692 2514 qui
1714 2466 1762 2501 est

358 2516 512 2542 veritatis
538 2511 570 2545 in
583 2513 656 2562 casu
672 2527 754 2550 vero
769 2541 778 2553 ,
803 2516 932 2562 &quod
955 2517 1100 2552 absentis
1115 2518 1226 2564 portio
1247 2530 1315 2555 non
1334 2518 1478 2563 personae
1495 2543 1505 2557 ,
1526 2528 1600 2563 <11¹ae
1617 2513 1759 2562 praesens

358 2552 426 2592 est,
451 2554 505 2588 sed
531 2561 678 2601 portioni
704 2563 840 2597 accedat
863 2590 872 2602 ,
895 2575 966 2609 quae
981 2563 1048 2599 fuit
1070 2567 1222 2611 Fagnani
1249 2565 1508 2611 jurisprudentia
1533 2569 1568 2600 in
1601 2561 1756 2610 capitulo

360 2606 434 2650 ΟΜΖ
452 2604 609 2647 Ρε”[’-’Ᾰῗῖο
638 2619 782 2649 num.29.
813 2613 851 2645 de
877 2612 994 2645 cleric.
1019 2621 1137 2657 ιηξνοῑ.
1164 2611 1293 2653 Addit,
1321 2611 1427 2658 longo
1451 2613 1484 2647 in
1502 2613 1564 2646 hac
1580 2610 1759 2646 cathedra-
1785 2648 1788 2650 .

363 2646 387 2681 li
400 2646 544 2683 Ecclesia
559 2648 616 2684 usu
630 2657 880 2700 comprobatam
898 2655 960 2692 effe
973 2658 1251 2695 consuetudinem
1262 2685 1274 2703 ,
1298 2669 1336 2694 ut
1358 2659 1512 2696 canonici
1530 2657 1622 2695 vitio
1639 2683 1649 2697 2
1664 2661 1761 2736 ίὲιοϊ-

1694 2711 1761 2736 ove
