1883 2907
400 61 504 132 531505
532 90 728 125 decedentes
760 89 794 122 in
815 97 1028 132 quacumque
1054 85 1245 125 Parochia,
1267 85 1302 121 ὃ(
1335 85 1552 132 Sepulturam
1577 87 1748 134 eligentes
1775 88 1810 122 in

418 144 500 177 dicia
517 136 666 173 Ecclesia
686 137 715 170 ἃ
735 133 906 181 Hospitali
935 146 1010 169 cum
1036 136 1149 169 eadem
1169 133 1425 180 independentia
1439 133 1582 170 Parochi
1599 161 1610 176 ,
1635 136 1690 171 seu
1706 136 1808 171 Paro-

418 190 560 221 chorum
582 185 779 219 eorumdem
798 181 921 226 absque
937 192 1053 216 corum
1066 183 1269 217 interventu
1282 180 1312 214 ἃ
1332 180 1443 216 Cruce
1457 206 1467 219 ‚
1491 190 1562 218 tam
1583 184 1617 218 in
1634 182 1806 219 affocian-

419 238 460 268 do
475 261 483 273 ‚
509 244 606 278 quam
626 232 657 264 in
676 228 884 272 sepelliendo
899 228 1080 264 Cadavera
1110 240 1176 263 una
1201 240 1277 263 cum
1293 229 1538 264 emolumentis
1564 231 1804 277 competenti-

413 285 474 316 bus
494 281 568 315 aliis
588 277 743 312 Ecclesiis
758 302 768 315 ‚
793 278 824 310 S<
844 275 1086 319 Hospitalibus
1104 277 1270 321 exemptis
1289 288 1309 311 a
1329 276 1564 316 JurtsdlCtlone
1576 276 1742 314 Parochi.

329 331 392 365 vl.
418 331 472 363 An
488 326 701 363 concedenda
720 324 756 357 lit
771 321 943 367 exemptio
964 325 1005 356 ab
1030 323 1123 359 omni
1138 349 1149 362 ,
1175 324 1207 357 ὅ(
1224 334 1431 369 quacumque
1453 323 1628 358 solutione
1649 325 1801 367 cuiusvis

411 375 574 422 portionis
589 399 597 412 ‚
628 373 682 405 seu
697 380 823 414 quarta:
837 369 1002 403 funeralis
1027 370 1183 405 funerum
1211 371 1265 405 dd.
1284 370 1512 406 ministrorum
1526 397 1536 410 ,
1563 371 1796 413 servientium,

413 423 546 457 familie
561 447 570 459 ‚
595 431 632 453 ac
646 417 867 452 Sacerdotum
887 416 917 450 in
938 416 1114 463 Hospitali
1129 416 1370 453 decedentium
1394 419 1429 453 in
1441 418 1519 453 casu
1536 421 1604 455 διε.

319 470 398 507 vn.
424 471 479 503 An
507 464 752 501 concedendum
778 463 815 498 fit
832 463 1007 510 Hospitali
1024 491 1033 502 ,
1057 466 1091 500 8<
1116 464 1389 512 Congregationi
1417 466 1581 511 praedictis
1609 462 1795 504 Indultum

408 514 594 561 exponendi
617 512 651 545 in
667 510 761 545 illius
774 509 920 545 Ecclesia
947 511 1092 556 publica:
1115 513 1332 549 venerationi
1346 512 1596 548 Sanffissimum
1620 513 1796 550 Euchari-

409 563 474 596 stite
503 562 777 597 Sacramentum,
804 559 996 593 celebrandi
1017 558 1153 597 Divina
1178 559 1305 597 Officia
1330 561 1365 595 in
1394 560 1620 596 Hebdomada
1644 562 1792 604 majori,

406 607 628 644 benedicendi
657 605 828 640 Candelas
846 633 855 646 ,
884 605 1050 646 Cineres,
1074 609 1106 642 ὅτ
1132 607 1260 644 Ramos
1277 608 1465 643 Olivarum
1490 636 1499 649 ,
1524 619 1564 643 ac
1594 609 1791 645 celebrandi

407 664 652 702 quamcumque
671 651 908 688 Festivitatem
922 680 932 693 ‚
953 652 1068 688 Missas
1083 656 1274 696 Cantara5‚
1299 655 1562 691 Praedicationes
1580 681 1591 694 ‚
1615 655 1790 691 Annivm-⁴

407 703 491 738 saria
506 728 514 740 ‚
544 702 573 734 ὅ(
596 699 705 735 officia
726 709 956 739 mortuorum,
980 702 1010 735 ὅ(
1027 703 1209 750 peragendi
1223 704 1357 751 quasvis
1368 701 1612 738 Ecclefiasticas
1639 702 1790 738 funeio-

404 761 465 784 nes
484 748 555 782 fieri
578 745 751 781 consuetas
766 749 808 781 ab
823 748 898 783 aliis
916 748 1161 794 Hospitalibus
1177 750 1346 798 exemptis
1360 776 1370 789 ‚
1397 750 1596 797 fruendique
1620 750 1783 786 omnibus

404 793 600 840 Privilegiis
615 821 624 833 ‚
647 795 677 829 &
692 794 935 841 Praerogativis
957 798 996 830 ad
1021 796 1123 832 instar
1146 799 1294 835 aliorum
1307 795 1547 846 Hospitalium
1569 796 1783 834 authoritate
1799 805 1810 816 ⁴

402 842 604 892 Apostolica
628 852 862 888 exemptorum
882 843 917 877 in
940 842 1017 881 casu
1043 844 1108 881 διε.

406 945 461 982 Ad
485 945 507 979 l.
524 943 720 978 affirmative
739 945 849 990 quoad
872 943 1016 989 primam
1039 953 1170 989 partem
1193 970 1202 980 .
1228 945 1404 993 Negative
1430 947 1538 993 quoad
1563 945 1778 983 secundam..-

310 994 401 1030 salva
416 992 609 1028 auitoritate
625 989 808 1025 Ordinarii
829 991 869 1025 ad
892 991 1033 1026 formam
1048 992 1203 1027 Coucilii
1218 1019 1228 1033 ,
1261 994 1292 1028 &
1315 993 1498 1029 dummodo
1523 994 1673 1029 redditus
1689 993 1780 1040 prio-

307 1042 353 1077 ris
376 1038 519 1076 instituti
536 1047 717 1083 erogentur
731 1036 766 1071 in
778 1037 924 1079 ejusdem
939 1038 1259 1084 adimplementum,
1281 1040 1324 1075 ad
1347 1053 1445 1088 quem
1469 1039 1624 1076 effestum
1646 1041 1705 1076 fiat
1721 1041 1776 1076 se-

304 1089 438 1134 paratio
452 1086 617 1121 bonorum
629 1111 640 1125 ‚
666 1085 722 1120 cui
743 1085 918 1121 incumbat
935 1085 1134 1122 Ordinarius
1147 1112 1157 1122 .
1186 1089 1240 1123 Ad
1254 1088 1300 1123 ΙΙ.
1319 1090 1350 1124 &
1367 1089 1428 1123 111.
1444 1088 1647 1123 affirmative
1659 1088 1774 1135 quoad

304 1130 676 1183 Sacerdotes-infirmos
704 1133 744 1168 de
760 1132 902 1168 licentia
915 1133 1059 1169 Parochi
1076 1135 1105 1169 S.
1125 1135 1309 1171 sebastiani
1323 1165 1331 1172 .
1354 1138 1409 1171 Ad
1427 1137 1489 1172 lv.
1510 1135 1686 1182 Negative
1701 1162 1712 1176 ,
1738 1137 1774 1170 δε

303 1182 415 1228 quoad
429 1181 622 1215 Sacerdotes
637 1179 789 1215 infirmos
813 1180 858 1215 de
874 1181 1015 1217 licentia
1035 1183 1176 1219 Parochi
1191 1211 1199 1219 .
1227 1183 1286 1219 Ad
1301 1183 1346 1219 V.
1361 1183 1562 1219 affirmative
1583 1182 1697 1228 quoad
1714 1183 1773 1218 in-

303 1229 420 1265 firmos
433 1226 629 1262 Sacerdotes
657 1226 691 1262 in
714 1227 890 1274 Hospitali
916 1228 1140 1270 decedentes,
1170 1229 1205 1264 in
1227 1231 1370 1280 reliquis
1401 1230 1596 1276 Negative.
1625 1231 1680 1264 Ad
1703 1231 1768 1265 VI.

300 1273 474 1311 Provisum
486 1275 520 1308 in
532 1275 745 1309 antecedenti
759 1300 765 1306 .
784 1276 837 1310 Ad
853 1273 928 1310 VII.
947 1277 1068 1323 Qoad
1085 1276 1339 1325 expositionem
1353 1276 1549 1313 Sanfflffimi
1563 1277 1768 1312 Sacramen-

299 1322 330 1357 ti
345 1349 354 1362 ‚
379 1323 409 1356 &
425 1321 697 1367 praedicationem
713 1322 854 1357 arbitrio
869 1324 1042 1360 Ordinarii
1056 1351 1067 1365 ‚
1088 1327 1122 1360 in
1150 1325 1288 1372 reliquis
1314 1327 1404 1362 idem
1418 1324 1623 1363 Ordinarius
1639 1323 1767 1371 provi·

299 1372 380 1405 <leat
394 1380 453 1416 pro
470 1368 517 1405 sui
538 1370 717 1416 prupentia
744 1369 844 1407 salvis
864 1370 1005 1412 Iuribus
1020 1371 1293 1413 Parochialibus.

50 1481 162 1563 Ἐξ·
180 1489 256 1520 “¹²²
375 1507 673 1548 RAENESTINA
700 1511 1047 1550 FUNDArtoNis
1071 1514 1309 1551 BENt-:mcn
1333 1543 1340 1551 .
1368 1513 1617 1551 Definitionem
1644 1511 1762 1547 eausae

77 1559 80 1561 ’
386 1557 505 1600 bilius,
528 1572 600 1607 quae
623 1558 792 1606 proposita
816 1559 882 1596 fuit
905 1566 939 1597 in
956 1568 1219 1610 congregatione
1250 1563 1363 1599 habiia
1391 1564 1446 1598 die
1470 1561 1526 1597 28·
1550 1560 1760 1608 Septembris

343 1609 531 1656 apni1743.
551 1607 686 1643 differre
707 1608 836 1653 placuit
863 1609 1100 1654 Amplissimis
1128 1609 1282 1645 Patribus
1307 1637 1319 1652 ‚
1342 1610 1399 1655 qui
1425 1607 1669 1652 rescripserunt
1698 1618 1762 1640 au-

339 1654 491 1687 diendam
517 1654 579 1690 ess'e
607 1654 810 1691 sententiam
832 1654 1102 1693 Eminentissimi
1129 1658 1306 1705 Episcopi3
1329 1667 1367 1692 ut
1396 1655 1552 1702 cognosci
1582 1655 1687 1698 potest
1713 1665 1761 1689 ex

341 1699 474 1735 Volum.
485 1707 556 1736 XII.
572 1705 730 1746 Thes-zur.
751 1704 856 1748 Resol.
874 1709 948 1737 sac.
962 1709 1212 1752 Congrcg.p„·g.
1230 1706 1307 1745 176.
1324 1705 1412 1740 unde
1426 1703 1535 1737 omnis
1549 1700 1666 1736 Causa:
1689 1700 1759 1736 hu-

339 1747 392 1787 ius
414 1746 540 1798 species
562 1750 673 1797 repeti
700 1749 815 1784 debet.
840 1750 1003 1796 Implevit
1027 1752 1121 1787 Sacri
1137 1753 1236 1794 hujus
1262 1753 1404 1786 Senatus
1431 1750 1646 1785 voluntatem
1660 1747 1755 1782 Emi-

340 1794 551 1830 nentissimus
577 1797 758 1844 Episcopus
781 1823 791 1836 ‚
823 1797 881 1844 qui
905 1797 1129 1835 desertissima
1156 1799 1299 1845 Epistola
1325 1799 1505 1833 secundum
1533 1798 1753 1834 Advocatum

337 1840 501 1876 Caesarem
519 1844 688 1879 Moccium
710 1844 883 1890 respondit
895 1872 905 1884 ‚
930 1848 1036 1891 quoad
1049 1849 1114 1881 duo
1128 1847 1237 1892 prima
1251 1846 1426 1883 dubiorum
1439 1872 1449 1885 ,
1466 1857 1538 1889 quae
1551 1853 1750 1889 proponun-

336 1896 411 1927 tur,
437 1890 546 1934 capita
559 1892 591 1925 8(
607 1892 834 1936 repellendam
849 1902 948 1938 putat
962 1905 979 1925 a
994 1893 1070 1934 Jure
1085 1891 1241 1929 Falcidiae
1255 1921 1265 1934 ,
1287 1904 1387 1940 atque
1408 1905 1425 1927 a
1450 1891 1655 1936 compendio
1680 1889 1749 1923 Le-

337 1934 429 1978 gati,
452 1938 540 1983 qnod
556 1939 678 1973 dicitur
700 1938 762 1973 esse
786 1940 820 1973 in
835 1940 930 1974 causa
943 1940 1097 1980 caduci,
1124 1941 1358 1975 Parochialem
1386 1936 1568 1974 Ecclesiam
1594 1938 1630 1973 D
1658 1936 1750 1971 Petri

332 1979 498 2033 haeredem
521 1985 677 2031 scriptam
704 1987 738 2020 in
759 1984 980 2021 Testamento
999 1986 1131 2033 josephi
1159 1987 1268 2023 Leoni
1293 2002 1302 2022 e
1333 1987 1414 2033 Quo
1436 1996 1519 2021 vero
1543 1986 1583 2019 ad
1605 1985 1747 2018 tertium

334 2025 529 2065 Dubiorum
543 2042 643 2077 caput
656 2045 722 2067 non
741 2032 804 2068 effe
823 2033 1048 2069 admittendas
1063 2033 1195 2070 disserit
1215 2036 1310 2070 binas
1336 2036 1508 2068 dumtaxat
1521 2030 1749 2070 conditiones,

333 2085 415 2117 quas
436 2078 547 2112 censet
568 2081 752 2114 contrarias
775 2081 805 2115 &
832 2081 1009 2116 voluntati
1028 2081 1211 2117 Testatoris
1224 2109 1234 2122 ,
1256 2083 1288 2118 &
1307 2082 1405 2127 ipsius
1420 2080 1579 2116 beneficii
1594 2088 1750 2113 naturae.

333 2118 463 2171 Harum
477 2125 587 2176 prima
600 2127 866 2162 reservationem
881 2128 983 2163 habet
1010 2128 1122 2165 favore
1134 2130 1308 2165 Advocati
1322 2128 1451 2164 Moccii
1465 2125 1691 2173 Exequutoris
1709 2135 1749 2158 ea

330 2176 444 2217 omma
459 2174 606 2215 agend1‚
629 2185 701 2218 quae
717 2175 752 2208 in
768 2175 957 2210 utilitatem
981 2177 1139 2212 cederent
1162 2177 1320 2213 beneficii
1345 2176 1451 2211 etiam
1474 2173 1543 2218 post
1570 2172 1748 2216 impletam

328 2213 472 2263 eiusdem
485 2220 704 2254 erectionem:
728 2221 848 2257 Altera
872 2234 954 2257 vero
966 2223 1203 2271 complestitur
1229 2225 1287 2265 Jus
1304 2222 1522 2268 praesentandi
1545 2221 1583 2254 ad
1606 2218 1746 2254 Benefi-

325 2269 416 2295 cium
439 2262 610 2301 Clericum
625 2293 633 2305 ,
660 2267 741 2301 licet
765 2269 930 2304 minorem
959 2271 1212 2316 quatuordecim
1244 2269 1366 2307 annis;
1390 2268 1520 2304 Contra
1544 2277 1657 2302 tamen
1671 2263 1746 2300 Ad-

325 2315 465 2358 Vocatus
480 2314 734 2349 conditionibus
749 2316 838 2350 hisce
852 2327 914 2351 nec
928 2315 1231 2353 Testamentariam
1256 2315 1511 2362 dispositionem
1527 2341 1536 2354 ,
1561 2325 1624 2348 nec
1636 2312 1742 2348 bene-

325 2348 396 2387 fiCss
411 2366 565 2394 naturam
587 2362 694 2395 everti
707 2363 908 2403 contendit,
933 2366 1019 2409 quod
1042 2364 1179 2400 testator
1202 2363 1426 2410 amplissimas
1452 2360 1664 2405 Exequutori
1689 2359 1737 2394 fa-

325 2398 470 2437 cultates
490 2406 649 2457 tribuerit
663 2434 673 2447 ,
697 2417 734 2442 ut
749 2435 758 2448 ‚
780 2422 861 2454 quas
875 2411 981 2445 vellet
996 2437 1006 2450 ‚
1033 2413 1122 2458 leges
1138 2420 1326 2459 apponeret
1341 2437 1350 2450 ‚
1375 2410 1466 2456 quod
1482 2407 1640 2447 beneficii
1653 2418 1736 2441 one·
1758 2419 1759 2423 ¹

323 2453 362 2476 Π
385 2456 441 2496 Ρξῐ
462 2452 564 2487 alium
580 2481 590 2493 ‚
615 2457 672 2501 qui
697 2456 859 2491 Sacerdos
879 2456 917 2492 fit
932 2484 943 2497 ,
966 2458 1098 2504 impleri
1123 2459 1272 2504 possint,
1295 2458 1384 2504 quod
1407 2458 1463 2498 Jus
1491 2458 1626 2491 demum
1655 2454 1740 2488 illud

323 2499 393 2524 ¹¹⁰⁰
409 2503 440 2526 ¹¹¹
466 2509 689 2552 perpetuum,
713 2503 770 2538 sed
795 2504 913 2539 favore
926 2514 1058 2541 tantum
1070 2506 1292 2542 Clericorum
1317 2504 1470 2540 Familia:
1498 2502 1643 2539 Mocciae
1672 2499 1737 2548 ipsi

323 2535 463 2589 postulet
477 2569 483 2577 .
513 2544 663 2591 Pertinet
681 2550 784 2595 igitur
801 2551 845 2586 ad
860 2552 1152 2590 Eminenrissimos
1168 2557 1286 2590 Patres
1305 2551 1479 2598 perspectis
1489 2562 1567 2586 cum
1580 2551 1622 2585 iis
1637 2575 1648 2589 ι
1663 2558 1737 2595 ‘3¹¹ae

323 2592 360 2616 m
379 2597 485 2630 prima
500 2590 614 2627 Causae
628 2593 860 2641 propositione
874 2626 884 2641 ‚
912 2602 1073 2648 Folioque
1100 2603 1135 2637 in
1161 2603 1271 2637 lucem
1292 2601 1467 2634 hominum
1496 2598 1587 2632 edito
1610 2598 1646 2632 d.
1659 2595 1738 2632 Vol.
1758 2602 1762 2603 ⁷

322 2634 398 2666 ΧΗ.
411 2635 566 2681 Thesaur.
581 2642 683 2686 Resol.
700 2650 772 2678 tum
787 2644 829 2680 iis
844 2671 856 2685 ,
879 2657 951 2692 quae
971 2658 1062 2686 nunc
1088 2661 1109 2684 a
1130 2649 1268 2686 Moccio
1292 2648 1506 2694 fixequutore
1527 2651 1729 2724 ΡῐοΡοῗὛ·

1664 2700 1683 2724 u
1710 2701 1723 2718 Β
