1946 2961
471 175 596 208 tionem
612 195 622 210 ‚
644 173 688 208 &-
717 166 979 206 Benedicta-nem
996 163 1148 211 sanliiffi
1147 167 1195 200 mi
1202 166 1417 206 sahi-amenti·
1429 194 1441 208 ‚
1456 180 1526 217 quie
1541 169 1757 218 'expletam'n
1770 171 1806 206 d.

474 217 615 260 Lcclcsia
630 219 730 254 Feria
748 222 806 253 IV.
824 214 1011 265 cujuslibet
1023 212 1242 249 Hebdomadae
1251 215 1286 250 in
1314 216 1391 259 casu
1408 220 1485 253 ὡς,
1801 233 1807 243 .

448 327 637 380 Dilata
666 328 734 380 ad
774 326 1080 398 sequentem
1119 363 1136 380 .

387 458 623 495 SCULANA
649 458 962 496 VICARIATUS
997 455 1209 492 PERETUI
1238 482 1250 497 ‚
1288 453 1365 491 ET·
1392 454 1647 493 EXERCITH
1674 456 1810 495 Must-

398 505 499 542 CAE:
530 506 743 542 Vicariatum
758 517 982 554 perpetuum,
1005 504 1063 539 cui
1079 505 1282 540 Animarum
1304 514 1389 539 0⁰¹²
1414 505 1461 540 est
1486 515 1639 546 annexa,
1662 507 1821 544 obtinuit

324 567 415 591 anno
432 565 470 593 17
496 564 527 588 ο.
560 552 734 589 Xaverius
759 551 854 591 Felci
871 555 905 590 in
924 550 1068 588 Ecclefia
1085 551 1286 587 Cathedrali
1300 550 1470 587 Civitatis
1486 552 1630 592 Asculi,
1661 553 1695 589 in
1714 566 1816 601 qua„

323 603 391 651 ipse
408 612 463 635 mu
480 611 547 635 icos
561 601 665 636 etiam
679 603 793 638 modos
820 602 997 637 faciebat.
1023 599 1061 634 In
1074 598 1138 635 hoc
1167 610 1311 634 munere
1326 625 1336 638 ‚
1364 609 1446 635 cum
1460 598 1597 635 nullum
1613 611 1656 637 ex
1675 613 1722 636 eo
1746 602 1811 638 de-

323 647 477 686 trimenti
501 657 643 694 caperet
660 649 806 685 alterum
829 660 952 684 munus
968 645 1142 685 parochi,
1167 643 1431 693 finguli‘s‘annis
1455 645 1678 683 confirmatus
1706 647 1771 685 fuit
1795 662 1814 685 a

323 694 490 741 Capitulo
505 697 543 729 ad
557 705 685 730 annum
701 696 742 732 us
765 708 806 731 ue
829 708 931 741 ¹74h,
943 722 953 736 ‚
978 706 1046 741 quo
1057 705 1145 729 anno
1158 719 1169 733 ‚
1185 705 1262 728 cum
1278 693 1368 728 inter
1384 693 1533 736 eiusdem
1548 693 1701 732 Ecclefiae
1716 696 1814 732 Man-

322 742 484 779 fionarios
507 750 663 788 receptus
679 741 727 778 fui
759 752 794 778 et
812 743 989 779 Nicolaus
1005 741 1156 788 Vignola
1173 767 1184 781 ‚
1202 741 1261 787 qui
1277 742 1310 778 &
1325 741 1394 788 ipse
1420 740 1586 777 musicam
1607 752 1720 779 artem
1743 747 1818 788 cal«,-

311 789 438 829 lebat,
462 800 533 824 non
545 789 931 831 defueruntCanonici,
955 790 1012 837 qui
1025 788 1152 824 summa
1167 799 1235 834 ope
1250 797 1414 824 curarunt
1428 815 1438 828 ,
1467 798 1505 824 ut
1528 800 1638 824 novus
1656 791 1813 827 hieMu-
1846 814 1849 817 -

322 837 407 874 ficus
423 839 456 871 in
469 836 667 873 Praefectum
681 838 813 875 musicae
825 839 1010 886 eligeretur
1022 862 1033 872 .
1059 837 1154 888 Hinc
1171 836 1276 871 studia
1293 837 1329 871 in
1346 835 1479 871 diversa
1493 836 1707 882 Capitulum
1727 837 1817 874 scis-

322 885 395 921 sum
409 883 456 920 est
468 911 479 926 ‚
501 884 690 922 canonicis
703 885 782 922 aliis
798 886 983 922 Nicolaum
997 883 1158 920 Xaverio
1171 909 1180 923 ,
1210 884 1286 918 aliis
1301 883 1498 919 Xaverium
1514 883 1661 921 Nicolao
1687 885 1813 932 praese-l

324 931 479 969 rentibus
492 955 502 966 .
528 932 576 967 Ut
590 933 855 969 Canonicorum
871 932 1006 968 diflidia
1030 939 1253 977 componeret
1279 930 1469 978 Episcopus
1493 930 1729 970 transactionis
1749 946 1814 969 au·-

314 981 401 1016 *thor
425 979 492 1015 fuit
506 1006 516 1020 ‚
543 991 609 1027 qua
627 991 862 1017 convenerunt
877 1006 886 1021 ,
911 990 948 1015 ut
961 1006 972 1023 ‚
995 981 1026 1015 &
1041 978 1219 1015 xaverius
1235 1005 1245 1019 ,
1260 978 1291 1013 &
1309 978 1478 1014 Nicolaus
1493 990 1613 1015 munus
1639 980 1728 1016 illud
1741 990 1815 1018 tam

322 1029 356 1063 in
365 1027 518 1064 *Ecciefia
531 1027 732 1064 Cathedrali
749 1055 759 1069 ,
790 1040 892 1076 quam
906 1028 939 1063 in
957 1027 1035 1063 aliis
1050 1026 1218 1062 Civitatis
1235 1024 1394 1063 Eeciefiis
1406 1026 1544 1061 alternis
1558 1025 1694 1063 vicibus
1709 1040 1814 1064 exer-

322 1086 442 1111 cerent
459 1103 467 1111 .
496 1075 595 1111 Hanc
610 1076 872 1112 transastionem
896 1072 1076 1111 servarunt
1089 1074 1266 1111 Canoniei
1290 1072 1333 1108 ad
1347 1085 1472 1109 annum
1486 1074 1588 1120 usque
1603 1085 1705 1117 ¹74⁸·
1722 1087 1817 1129 ,qu-

323 1133 480 1169 tempore
497 1123 627 1170 placuit
645 1123 826 1159 Nicolaum
842 1123 1029 1169 Vignolam
1045 1121 1245 1158 Priefeetum
1266 1120 1406 1157 Muficae
1424 1120 1532 1156 solum
1547 1122 1674 1169 eligere
1695 1127 1815 1161 minc
1858 1150 1859 1154 ,

320 1180 405 1207 ortae
420 1172 509 1207 inter
524 1170 710 1206 Nicolaum
724 1198 734 1211 ‚
745 1171 776 1205 &
795 1170 988 1206 Xaverium
1003 1168 1244 1205 controversiae
1258 1196 1266 1209 ‚
1281 1181 1363 1216 quas
1379 1167 1505 1204 iterum
1518 1170 1708 1214 composuit
1729 1171 1815 1214 Epi-

321 1219 445 1267 scopus
461 1219 524 1252 hac
538 1218 672 1254 ratione
686 1246 694 1258 ‚
720 1228 758 1253 ut
772 1229 892 1253 eorum
905 1218 1058 1264 quisquis
1071 1217 1111 1250 ad
1126 1214 1266 1252 musicos
1281 1216 1398 1252 modos
1413 1216 1447 1251 in
1459 1215 1538 1258 aliis
1553 1215 1726 1254 Civitatis
1742 1217 1811 1254 Ec·

320 1268 416 1302 cefiis
440 1266 586 1312 agendos
601 1276 783 1301 vocaretur
799 1265 934 1300 lucrum
945 1292 954 1305 ,
969 1276 1048 1300 cum
1063 1264 1135 1299 alio
1147 1264 1316 1299 divideret
1331 1287 1341 1299 .

275 1312 374 1350 Brevi
389 1314 458 1348 haec
473 1312 615 1349 societas
631 1323 784 1358 tempore
795 1311 950 1348 dissoluta
974 1311 1044 1352 est,
1068 1323 1146 1346 nam
1173 1311 1323 1358 sequenti
1349 1323 1438 1347 anno
1468 1314 1589 1358 1746.,
1615 1324 1694 1348 cum
1720 1313 1812 1351 die,

319 1362 479 1408 quadam,
506 1372 574 1407 qua
595 1360 680 1396 solet
702 1359 1036 1407 haberiCapitulum
1054 1385 1064 1399 ,
1090 1360 1372 1395 Archidiaconus
1393 1384 1403 1397 ,
1424 1360 1560 1406 ‚aliique
1576 1358 1729 1396 abess’ent
1742 1360 1812 1396 Ca·

324 1408 440 1444 nonici
459 1434 467 1447 ‚
496 1409 551 1454 qui
567 1407 742 1454 praesentes
767 1417 888 1447 erant,
913 1405 1228 1454 &proposuerunt,
1256 1408 1285 1441 &
1309 1406 1520 1449 statuerunt,
1549 1407 1696 1448 utjuxta
1709 1418 1812 1444 tran-

320 1456 499 1492 factionem
514 1454 597 1490 anni
615 1466 715 1501 ¹74¹·
742 1454 939 1495 xaverius,
965 1456 995 1491 &
1013 1453 1179 1490 Nicolaus
1206 1454 1239 1488 in
1254 1454 1458 1490 Cathedrali
1484 1454 1625 1490 vicissim
1641 1455 1810 1490 Mnfieam

317 1512 479 1550 agerent.
507 1503 688 1540 xaverius
715 1504 884 1540 continuo
910 1504 1160 1538 novimuneris
1177 1501 1406 1549 poffeffionem
1418 1502 1579 1549 acepit}
1609 1502 1645 1536 ld
1663 1504 1720 1538 nbi
1750 1514 1811 1538 re-

269 1571 292 1574 >
316 1552 418 1587 scivit
438 1550 716 1587 Archidiaconus
733 1580 742 1593 ‚
763 1550 947 1597 postulavit
961 1551 1001 1585 ab
1015 1550 1184 1594 Episcopo
1200 1574 1222 1588 „
1236 1559 1274 1584 ut
1287 1549 1581 1584 circumscriberet
1601 1549 1809 1584 eiectionem

268 1626 294 1923 ”ee-:2233

321 1599 441 1634 saetam
464 1597 592 1643 absque
606 1598 890 1647 praeconizatione
903 1608 1025 1634 contra
1040 1595 1191 1632 Ecciefiae
1204 1596 1481 1636 Constitutiones
1496 1623 1505 1637 ,
1526 1597 1557 1631 ὅι
1586 1596 1809 1642 δγηοάεὶίεῳ

321 1644 520 1692 Praescripta
533 1670 544 1685 ‚
567 1656 670 1693 utque
695 1645 866 1684 inhiberet
885 1672 895 1686 ,
919 1645 1061 1681 neidem
1076 1642 1246 1679 Xaverius
1262 1646 1380 1680 audeat
1401 1644 1431 1678 se
1454 1643 1489 1678 in
1506 1642 1634 1679 Offi210
1649 1643 1809 1688 praedicto

319 1695 478 1740 ingerere
497 1719 505 1728 .
533 1696 710 1742 Episcopus
726 1693 852 1740 praevia
868 1691 1186 1737 circumscriptione
1204 1691 1363 1736 Capituli
1380 1692 1445 1726 Sec.
1465 1690 1642 1726 mandavit
1657 1703 1717 1738 pro
1736 1691 1806 1726 bo-

319 1752 362 1776 no
388 1742 479 1786 pacis
492 1767 501 1779 ‚
528 1741 558 1775 &
574 1751 612 1777 ut
629 1741 781 1777 Ecclefix
801 1741 924 1777 melius
940 1741 971 1780 in
980 1740 1148 1776 serviatur
1162 1765 1173 1779 ‚
1197 1751 1253 1784 per
1268 1741 1406 1774 modum
1432 1737 1638 1782 provisionis
1656 1765 1664 1777 ‚
1677 1737 1805 1784 usque-

320 1789 399 1822 dum
422 1798 440 1821 a
454 1787 621 1832 Capitulo
634 1800 701 1824 non
715 1787 776 1825 fiat
797 1787 928 1824 stabilis
945 1786 1100 1823 provisio
1115 1812 1125 1826 ‚
1151 1787 1238 1832 quod
1254 1785 1300 1821 R.
1314 1786 1364 1821 D.
1380 1784 1557 1820 Xaverius
1575 1785 1669 1820 Felci
1684 1785 1811 1819 admit-

319 1844 409 1870 tatur
426 1836 458 1869 in
485 1847 628 1872 numero
653 1836 861 1871 Musicorum
876 1861 886 1874 ,
909 1837 940 1870 ὅ(
962 1835 1059 1877 juxta
1084 1834 1224 1869 modum
1239 1833 1433 1876 supradicte
1449 1832 1640 1868 concordia:
1655 1859 1664 1873 ‚
1691 1844 1806 1869 cum-a

286 1911 295 1925 ,
320 1893 483 1917 exercere
497 1883 560 1918 hoc
578 1885 612 1919 in
639 1882 784 1919 Ecclesia
804 1882 1006 1918 Cathedrali
1023 1882 1060 1917 sit
1085 1881 1308 1927 compatibile
1329 1890 1406 1925 cum
1424 1881 1538 1915 officio
1552 1879 1678 1915 Curat-i
1690 1905 1701 1919 ,
1716 1880 1806 1925 quod

269 1955 293 1973 „
320 1939 458 1964 exercet
482 1931 516 1964 in
532 1931 594 1967 hac
609 1933 728 1967 eadem
742 1929 912 1966 Ecclesia:
942 1930 1095 1972 Iniunsto
1119 1937 1230 1964 tamen
1253 1929 1285 1964 ei
1302 1938 1477 1975 praecepto
1500 1937 1641 1975 propter
1658 1925 1806 1971 opposi-

272 2004 295 2018 „
320 1986 389 2012 tam
414 1977 583 2013 rationem
601 2006 611 2019 ,
633 1988 672 2014 ut
699 1978 912 2023 inposterum
934 1977 966 2012 se
982 1977 1148 2013 abstineat
1172 1988 1272 2023 agere
1301 1974 1469 2011 Muficain
1499 1976 1535 2010 in
1559 1975 1634 2010 aliis
1649 1970 1806 2008 Ecciefiis

272 2051 284 2065 ,
321 2035 416 2059 extra
440 2024 723 2067 Cathedralem„
747 2025 923 2071 displicuit
943 2024 1186 2069 xaveriopars
1200 2023 1321 2058 ultima
1348 2022 1515 2062 Deci-eti,
1540 2033 1619 2056 cum
1632 2018 1806 2067 praesefer-

317 2073 747 2118 retincompatibilitatem
770 2074 917 2108 muneris
932 2071 1071 2107 Parochi
1096 2082 1172 2107 cum
1195 2070 1310 2107 officio
1334 2069 1485 2106 Praefecti
1510 2068 1642 2107 musicae
1663 2069 1699 2102 in
1725 2066 1805 2103 aliis

318 2119 472 2154 Ecclesiis
495 2130 593 2156 extra
607 2120 854 2157 cathedralem
865 2147 876 2160 ,
898 2130 1000 2166 quam
1015 2130 1129 2154 tamen
1143 2118 1511 2164 incompatibilitatem
1526 2127 1627 2151 nemo
1644 2125 1801 2160 agnove-

320 2176 371 2201 rat
394 2176 456 2211 per
475 2178 581 2204 annos
597 2180 648 2209 ¹7·
663 2196 672 2209 ,
697 2168 821 2215 quibus
838 2194 848 2208 ,
873 2168 904 2202 &
918 2167 1111 2202 Parochum
1126 2193 1136 2205 ,
1169 2168 1200 2202 δι
1218 2164 1355 2201 Muficae
1370 2164 1569 2200 Prefectum
1594 2160 1777 2210 segefferat
1791 2187 1802 2202 ,

318 2225 426 2259 neque
442 2224 629 2258 agnoverat
652 2217 723 2264 ipse
742 2214 925 2260 Episcopus
947 2214 1070 2250 author
1099 2213 1337 2249 transactionis
1360 2237 1372 2251 ‚
1397 2224 1464 2259 qua
1490 2221 1665 2248 conventa
1690 2208 1801 2243 fuerat

319 2260 536 2308 participatio
557 2262 749 2306 lucrorum,
775 2264 918 2309 ideoque
931 2260 1135 2308 *postulabat
1162 2263 1202 2296 ab
1216 2260 1382 2305 Episcopo
1399 2286 1409 2299 ‚
1434 2269 1471 2295 ut
1486 2260 1672 2294 decretum
1687 2256 1803 2290 mode-

319 2316 451 2344 raretur
464 2332 474 2346 ‚
496 2310 678 2353 praesertim
701 2322 780 2345 cum
804 2310 875 2358 ipse
887 2309 982 2344 tenui
996 2309 1135 2343 asinaria
1149 2320 1301 2355 congrua
1317 2308 1419 2346 sc.30.
1431 2318 1500 2341 non
1519 2303 1631 2352 posset
1646 2303 1716 2338 {ine
1744 2301 1800 2336 lu-

317 2355 383 2390 cris
395 2354 538 2390 Muficae
550 2367 645 2393 extra
661 2356 908 2392 cathedralem
923 2381 933 2394 ‚
962 2356 993 2392 se
1007 2355 1165 2401 suamque
1179 2354 1362 2390 Familiam
1375 2355 1470 2389 alere
1481 2379 1491 2388 .

271 2402 405 2439 Metuit
418 2402 691 2440 Archidiaconus
703 2430 713 2443 ,
739 2415 782 2438 ne
800 2428 810 2441 ‚
835 2415 868 2438 re
883 2403 1008 2438 melius
1022 2403 1194 2455 perspecta
1208 2430 1218 2443 ‚
1246 2402 1435 2437 Decretum
1452 2399 1630 2446 Episcopus
1645 2398 1798 2436 modera-

322 2460 438 2488 retur,
463 2451 624 2495 &preces
651 2451 779 2486 obtulit
803 2449 1028 2485 Sacratiffimo
1043 2449 1201 2496 Principi
1222 2448 1356 2488 nostro,
1378 2449 1503 2494 ‘quibus
1531 2446 1738 2493 postulabat,
1761 2453 1800 2480 ut

319 2498 494 2534 Xaverius
507 2500 546 2532 ad
561 2498 767 2545 implendum
783 2497 927 2533 Parochi
956 2495 1117 2530 Officium
1136 2506 1338 2543 cogeretur,
1365 2496 1396 2530 &
1421 2495 1512 2530 aliud
1537 2491 1660 2544 Musici
1674 2503 1800 2527 munus

320 2544 537 2581 deferendum
558 2547 610 2582 ob
634 2544 1000 2591 incompatibilitatem
1027 2542 1226 2588 utriusque.
1258 2543 1353 2578 Data
1375 2545 1415 2577 ab
1441 2540 1586 2587 Optimo
1610 2539 1800 2590 Principe)

320 2591 563 2639 postulationis
577 2593 676 2633 huju-s
691 2592 888 2638 cognitione
898 2592 1004 2627 Sacro
1018 2590 1101 2625 huic
1114 2589 1304 2626 Tribunali
1319 2616 1328 2629 ,
1355 2590 1490 2624 auditus
1509 2587 1572 2620 fuit
1585 2585 1772 2633 Episcopus
1787 2611 1799 2626 2

321 2641 351 2674 &
370 2638 480 2674 Causa
491 2640 606 2674 tribus
620 2640 762 2675 collecta
787 2639 953 2684 capitibus
976 2648 1066 2672 nunc
1090 2638 1296 2683 proponitur
1311 2635 1526 2685 „⁴'Xayerius
1550 2633 1682 2667 nullam
1706 2635 1798 2668 inter

320 2685 466 2721 Parochi
484 2686 647 2725 Officium
662 2711 670 2724 ,
699 2687 729 2721 &
748 2697 868 2721 munus
883 2683 1189 2729 eruscos-Musicae
1202 2678 1638 2728 incompatibilitatemesse
1655 2691 1800 2716 conten-

319 2734 393 2770 dit;
421 2733 610 2767 Decretum
628 2732 808 2779 Episcopi,
836 2743 900 2776 qua
912 2741 1011 2777 parte
1024 2725 1585 2768 :transactionemservandamess‘e
1606 2727 1799 2769 iussit,ser-

315 2781 632 2827 vandum-disputat
644 2806 656 2820 ,
683 2791 751 2816 non
764 2790 846 2815 vcro
857 2804 868 2818 ‚
892 2790 958 2825 qua
969 2785 1063 2824 parte
1076 2785 1170 2814 vetat
1180 2802 1195 2816 ,
1217 2787 1260 2810 ne
1273 2772 1508 2810 Praefet‘lturam
1528 2774 1804 2856 Mulicaecextra

1715 2833 1733 2856 a
