1874 2961
314 79 1162 141 RESOLUTIONUM.'

334 195 398 261 R

87 305 199 338 Eduaio
208 303 345 336 missarum
356 314 460 336 attenta
470 304 628 344 disparitate
642 309 704 338 red-

26 314 85 378 R
106 346 234 377 dimum,
251 347 279 373 8(
298 355 414 376 onerum
437 345 614 377 ferendorum
636 359 702 378 con·

103 384 179 415 cellit
205 385 266 413 Sac.
286 383 349 414 Con
370 385 475 421 regatio
505 386 632 414 Parociio
654 391 709 418 Ec-

102 423 187 453 clefiae
199 422 294 452 ετεᾶεε
308 433 335 452 ιη
371 432 436 460 ago,
449 424 494 461 qui
510 423 609 454 dicitur
621 427 708 457 Mon-

104 461 197 492 tesune
208 460 326 493 Imolen.
340 462 476 495 Dioecefis
497 473 550 492 una
562 474 627 494 cum
640 465 706 495 libe·

101 501 210 531 mione
229 507 246 530 a
271 500 442 539 praestatione
477 513 572 532 annuae
597 503 711 535 summae

103 539 244 571 scutorum
265 548 311 570 11.
333 539 470 579 Hospitali
493 541 563 571 della
586 544 709 576 Scaletta

102 578 201 609 debitoe
224 579 252 608 in
270 576 391 609 Imolen.
412 579 588 611 Redufflonis
612 582 708 613 Miss'a-

105 627 168 647 tum
190 638 201 652 ,
231 619 259 645 δε
280 617 449 649 liberationis
468 619 560 652 oneris
580 630 609 654 7.
630 623 709 662 Aug.

102 666 164 696 pag.
174 666 226 692 49.
240 655 275 686 ad
286 654 349 685 bina
360 657 447 687 dubb-

28 694 194 734 Relignatio
217 694 398 725 Parrochialis
426 695 549 729 Ecclefiae
589 701 706 738 Spiritus

106 733 193 764 Sanffi
209 732 282 764 della
294 734 420 764 romana
442 736 476 765 de
488 738 709 776 iurepatronatus

106 773 256 803 Artificum
276 772 362 812 vulgo
372 776 481 804 Bottari
501 774 572 806 faeta
586 789 635 816 pet
646 782 709 810 Do—

99 822 206 841 minum
236 812 436 850 Raymundum
462 814 495 843 de
519 818 618 846 Turris
653 831 707 852 non

106 850 158 881 suit
169 850 320 889 approbata
342 852 370 881 in
385 853 556 886 Castriinaris
578 858 710 897 Resigna.

102 891 187 920 tionis
208 889 361 920 Parrochiae
382 900 426 925 ¹7·
442 893 501 928 Jul.
525 897 552 923 &
574 897 619 925 ιθ.
632 899 710 938 Sept.

97 938 222 970 ,pag-45·
234 930 262 957 δι
277 938 325 964 59·

26 964 180 998 Restitutio
202 968 228 996 in
250 968 390 1008 integrum
411 970 540 1001 adversus
559 974 708 1007 invalidam

107 1006 302 1046 profeffionem
345 1018 379 1040 ex
412 1009 438 1037 vi
461 1019 593 1051 metuque
627 1018 713 1053 patris

107 1045 231 1075 emiffam
245 1045 361 1085 elargita
375 1046 434 1080 fuit,
447 1049 512 1078 data
530 1052 610 1081 etiam
624 1054 713 1085 facul-

106 1093 164 1115 tate
185 1106 194 1120 ‚
231 1095 367 1122 onereque
394 1086 524 1127 Episcopo
545 1095 709 1128 procedendi

105 1132 201 1152 contra
221 1125 332 1153 Patrem
355 1133 439 1160 prout
459 1129 492 1156 de
514 1128 573 1161 jure
596 1131 620 1158 iu
641 1134 711 1162 Lan-

104 1164 211 1192 ciauen·
243 1163 434 1194 Restitutionis
458 1165 487 1194 in
508 1167 642 1209 integrum
667 1183 710 1209 ¹3·

103 1201 182 1231 Febr.
197 1210 259 1240 pag·
268 1209 300 1235 9.

27 1236 178 1268 Restitutio
198 1241 227 1268 in
244 1240 527 1279 integrum'adversus
540 1246 708 1283 Religiosam

104 1276 300 1315 professionem
319 1278 368 1315 vi,
390 1289 521 1322 metuque
540 1279 642 1314 editam
657 1298 709 1316 non

104 1316 157 1346 fuit
180 1315 313 1356 denegata
337 1319 363 1348 in
388 1320 570 1353 Mediolanenv
589 1327 706 1355 Restitu-

105 1355 187 1385 tionis
201 1356 229 1384 in
241 1355 377 1394 integrum
389 1362 502 1395 17.Jul.
520 1371 545 1399 p.
561 1373 609 1400 ⁴4·

28 1391 240 1425 Restitutionem
264 1395 291 1422 in
305 1396 442 1433 integrum
455 1398 581 1431 adversus
594 1402 707 1440 religio-

54 1436 59 1438 ·
103 1433 162 1462 sam
185 1432 375 1470 professionem
401 1445 464 1467 ante
482 1438 603 1470 debitam
628 1451 708 1471 eom-

105 1472 212 1509 pletam
234 1480 343 1501 aetatem
353 1491 364 1506 ‚
385 1475 412 1503 δι
425 1476 557 1509 vitiorum
569 1481 711 1517 Corporis

105 1510 228 1552 obstante
240 1510 381 1542 affeffione
403 1516 525 1545 emissam
547 1528 602 1548 non
625 1519 708 1549 dene-

105 1557 190 1592 gavit·
205 1549 425 1593 Sac0Congreg.
446 1555 473 1584 in
493 1556 644 1588 Cossutina
665 1569 709 1587 re-

105 1588 251 1617 stitutionis
275 1589 303 1619 in
325 1596 466 1628 integrum
487 1605 516 1631 4·
544 1597 712 1627 Decembris

109 1635 172 1666 pag.
189 1636 233 1661 γι.

32 1665 227 1709 Restitutio-in
246 1666 383 1706 integrum
407 1670 534 1703 adversus
549 1674 707 1711 praetensam

108 1703 255 1748 invalidam
268 1708 446 1739 Monasticam
459 1713 655 1749 profeffionem
673 1725 710 1746 ex

108 1745 193 1785 caulis
201 1753 240 1772 vis
251 1746 374 1778 &metus
384 1771 396 1783 ,
415 1748 494 1787 super
504 1762 557 1790 qua
567 1771 577 1787 ,
600 1763 634 1783 ex
649 1763 710 1783 ma-

109 1790 183 1810 mma
202 1784 338 1816 Oratricis
365 1788 456 1821 inopia
487 1790 709 1826 confeffionem

107 1820 187 1851 trans
193 1821 387 1864 niffionemque
399 1826 499 1865 integri
518 1830 710 1872 necessariique

107 1859 414 1903 proceffusimpediente
424 1883 435 1899 ,
446 1867 509 1897 data
521 1867 610 1899 fuerat
620 1872 710 1900 omnis

105 1898 285 1942 cognoscendi
307 1920 318 1936 ,
338 1902 563 1943 deliberandique
594 1908 710 1939 facultas

106 1936 320 1982 Archlepiscopo
342 1942 481 1975 Provisori
501 1945 620 1985 Hispalis
652 1959 708 1978 non

106 1975 158 2020 fuit
169 1978 291 2008 conceffa
313 1981 343 2010 in
359 1981 503 2019 Hispalen-
518 1986 712 2018 Restitutionis.

108 2023 135 2045 m
150 2022 289 2054 integrum
299 2021 346 2049 ²8.
354 2021 430 2060 Aug·
440 2030 468 2060 p.
482 2029 532 2059 5³.
543 2033 607 2055 cum
618 2025 674 2067 seq·

351 2104 393 2165 S

32 2173 221 2242 sActorum
245 2182 315 2203 onus
349 2177 377 2206 in
407 2175 499 2216 legato
520 2178 643 2210 relictum
663 2191 714 2220 pet

87 2210 228 2251 quondam
237 2212 392 2249 Scipionem
401 2217 537 2247 Muratori
552 2221 655 2256 praevio
664 2229 712 2249 re-

111 2248 182 2278 eeffu
200 2258 216 2278 a
227 2250 330 2281 Deciiis
346 2255 483 2286 duxerunt
506 2258 713 2288 Eminentiffimi

112 2290 208 2318 Patres
219 2300 272 2319 non
283 2292 333 2321 effi:
344 2302 508 2334 perpetuum
519 2313 529 2329 ‚
543 2295 587 2326 sed
603 2306 714 2327 tantum

111 2327 249 2365 personale
260 2348 270 2361 ³
292 2331 408 2372 ideoque
422 2335 577 2371 expiratum
596 2347 644 2374 pet
655 2338 716 2368 obi·

113 2372 171 2395 tum
181 2368 335 2400 Sacerdotis
354 2372 513 2410 poffidentis
534 2374 561 2405 in
583 2377 716 2406 Romana

113 2405 210 2443 Legati
221 2411 268 2437 ιο.
283 2411 380 2441 Martii
396 2420 459 2455 pag.
476 2421 523 2453 ²5.-

347 2496 410 2558 Τ

40 2559 352 2631 TAxamseminarip
360 2568 480 2605 Militen.
490 2568 599 2615 solvere
609 2579 662 2613 nen
675 2578 720 2598 te·

111 2608 211 2630 nentur
225 2602 336 2637 Monac:
349 2607 506 2640 Monastern
521 2609 660 2639 S0Mar1oe
685 2609 720 2639 de

825 155 930 187 Parin-io
945 155 1065 187 Ordinis
1084 160 1113 188 S.
1130 159 1219 189 Basilii
1232 170 1282 199 pro
1296 117 1441 201 Grancia35

825 196 854 225 &
886 195 1002 226 Ecclesia
1044 198 1137 229 Scaliti
1168 199 1195 228 in
1220 201 1340 231 Militen.
1372 214 1439 235 taxae

824 244 852 270 4.
869 235 1033 266 Decembris
1054 247 1088 274 pa
1101 248 1130 276 g.
1149 248 1198 272 70.
1211 239 1246 268 ad
1258 241 1283 269 Ι.
1293 241 1360 271 dub.

785 273 895 304 Idcirco
908 274 1040 304 statutum
1053 275 1105 304 suit
1125 276 1160 305 ab
1172 278 1269 307 eodem
1282 281 1435 311 Seminario

820 314 999 343 restituendos
1012 315 1160 347 ducat027.
1174 326 1189 345 e
1202 318 1319 354 praefatis
1334 322 1433 350 Mona-

821 352 861 380 cis
885 361 955 383 anno
967 355 1113 390 ptoererito
1125 357 1235 386 exactos
1248 358 1318 388 ibid·
1338 357 1373 387 ad
1393 360 1433 390 11.

827 391 893 423 dub.

818 587 917 617 Acatio
928 595 946 628 a
958 586 1069 623 Chore,
1081 588 1186 619 divinis
1200 599 1235 619 ue
1247 590 1347 622 officiis
1363 591 1438 621 haud

753 595 812 658 V
824 627 1001 657 interessentia
1026 639 1062 658 ex
1073 629 1178 658 causaa
1198 629 1279 660 versat
1298 630 1439 661 valetudi-

827 666 867 695 nis
880 663 1004 695 conceffa
1015 668 1068 697 fuit
1083 677 1137 698 una
1146 678 1210 698 cum
1222 671 1365 700 exactione
1374 680 1440 699 om·

826 706 901 734 nium
914 704 1173 738 emolumentorum
1186 725 1196 740 ‚
1214 709 1334 748 exceptis
1345 718 1438 738 autem

829 745 859 773 iis
869 762 880 775 ,
889 754 949 783 quae
965 743 1020 777 five
1031 757 1064 775 ex
1077 745 1295 785 dispofitionibus
1305 748 1443 778 Testato-

828 794 888 813 rum
900 801 913 814 ,
935 782 988 813 five
999 794 1034 814 ex
1049 787 1172 819 statuto,
1194 787 1221 814 δι
1245 786 1441 817 consuetudine

829 822 954 852 Ecclefioe
969 822 1138 854 deberentur
1149 833 1258 854 tantum
1280 825 1340 855 a&u
1356 825 1442 854 inser·

826 862 965 891 vientibus
989 881 1000 897 ‚
1024 872 1140 893 onerata
1160 863 1244 893 etiam
1273 863 1440 893 conscientia

826 902 976 935 oratoris,
998 904 1024 931 &
1050 902 1210 932 durantibus
1231 902 1438 932 infirmitatibus

829 939 946 970 arbitrio
969 940 1093 979 Episcopi
1123 941 1148 969 in
1169 941 1308 979 Aquilana
1333 942 1440 971 Indulti

831 978 971 1045 z6ijjunii
992 990 1055 1021 pag.
1073 982 1120 1015 38.
1144 989 1208 1010 tum
1241 980 1298 1019 seq·
1322 980 1356 1010 ad
1377 980 1443 1011 bina.

853 1026 868 1045 u
891 1034 900 1044 .

795 1061 827 1090 Ῑῃ
849 1055 992 1086 voluntate
1008 1057 1148 1096 quondam
1166 1059 1302 1090 Canonici
1328 1058 1442 1089 Martini

831 1095 863 1124 de
879 1096 1005 1125 Dominis
1016 1098 1223 1129 commutanda,
1235 1101 1311 1129 Sacr·
1323 1098 1435 1136 Congr-

827 1131 966 1172 respondit
978 1136 1177 1167 consulendum
1197 1135 1249 1167 else
1261 1136 1434 1168 Sanetiffimo

826 1173 901 1207 juxta
913 1183 1033 1204 mentem
1046 1175 1266 1205 Eminentiffimo
1283 1177 1440 1208 Commen-

829 1212 940 1241 datario
961 1214 1225 1244 communicandam
1245 1227 1256 1249 ;
1275 1216 1304 1245 in
1324 1214 1441 1255 reliquis

828 1261 896 1280 vero
907 1249 1039 1290 rescripsit
1052 1253 1085 1282 ad
1100 1253 1206 1282 Iudices
1220 1253 1279 1285 suos
1290 1275 1300 1287 ,
1320 1254 1387 1283 dato
1397 1262 1440 1283 ta·

828 1300 889 1319 men
912 1299 993 1320 onere
1015 1291 1235 1338 Eminentiffimo
1260 1293 1380 1324 Abbati,
1408 1300 1440 1322 ut

826 1329 940 1358 interim
966 1329 1140 1361 incumberet
1152 1331 1398 1363 administrationi,
1409 1333 1438 1360 Sc

824 1366 997 1397 indemnitati
1010 1369 1178 1399 haereditatis
1192 1388 1204 1403 2
1222 1372 1306 1400 etiam
1317 1380 1378 1399 cum
1392 1370 1438 1400 fa-

826 1406 976 1435 cultatibus
998 1411 1089 1438 Sacrae
1109 1409 1344 1447 Congregationis
1370 1408 1437 1439 in..

826 1445 940 1474 Nullius
965 1446 1061 1476 Terrae
1080 1447 1206 1477 Pontiani
1229 1449 1435 1479 Commutatio.

825 1484 865 1513 nis
879 1495 923 1512 20·
937 1488 991 1519 lan.
1016 1495 1072 1523 pa,
1089 1496 1153 1514 cum
1167 1485 1246 1526 seqq·

748 1527 824 1560 Unio
837 1521 1026 1561 cappellania»
1037 1526 1257 1564 Iuripatronatus
1285 1526 1394 1561 affivo,
1408 1527 1439 1557 8<

824 1562 930 1600 paffivo
945 1563 1066 1597 subje&a=.
1079 1583 1088 1598 ,
1109 1575 1194 1602 quam
1212 1575 1248 1594 ex
1259 1563 1358 1595 afferta
1371 1564 1441 1594 red-

825 1599 935 1630 dituum
951 1602 1086 1633 tenuitate
1106 1603 1293 1641 praetendebat
1313 1604 1437 1641 Capitu-

823 1640 883 1669 lum
902 1638 1074 1671 Catbedralis
1091 1640 1214 1672 Ecclesiae
1227 1642 1356 1672 Malleani
1378 1641 1432 1671 de-

825 1687 925 1718 negata
953 1678 1007 1708 fui:
1039 1681 1069 1710 in
1093 1680 1224 1712 Sabmen.
1248 1683 1363 1713 Unionis
1395 1683 1447 1712 18.

825 1719 904 1756 Sept.
922 1725 986 1756 pag.
1001 1726 1049 1753 59.

749 1760 827 1792 uuio
843 1758 922 1787 Cleri
936 1758 1034 1787 Tetrae
1047 1760 1208 1788 Camerotae
1226 1761 1247 1792 ,“
1259 1769 1310 1796 pro
1326 1758 1440 1788 Guber-

826 1797 876 1825 nio
885 1814 895 1829 ,
906 1797 932 1823 δι
946 1797 1063 1825 Servitio
1075 1797 1162 1827 trium
1175 1797 1354 1828 ecclesiarum
1366 1799 1439 1826 Par-

826 1834 988 1864 rochialium
1003 1855 1013 1870 ,
1033 1845 1187 1874 earumque
1202 1837 1357 1867 animarum
1372 1844 1439 1865 cura

829 1874 863 1903 ad
887 1873 977 1902 solum
999 1873 1278 1914 Archipresbyterum
1297 1875 1440 1905 Curatum

826 1911 981 1951 praeservata
993 1930 1003 1946 ,
1023 1922 1108 1950 quam
1133 1914 1217 1942 nimia
1232 1914 1332 1944 ductus
1346 1923 1441 1942 sacer-

826 1951 927 1980 dotum
950 1952 1068 1980 caritate
1101 1951 1250 1991 Episcopus
1277 1951 1440 1982 Sanetonius

827 1989 938 2019 decreto
962 1989 1010 2018 suo
1030 1990 1207 2021 ordinaverat
1231 2011 1240 2024 ‚
1270 1992 1437 2020 confirmata.

830 2028 883 2058 fuit
902 2031 928 2057 in
950 2029 1124 2058 policastren.
1149 2031 1255 2060 Iurium
1281 2029 1450 2059 Parrocbia-

829 2067 898 2136 liuba
912 2075 957 2101 29.
972 2067 1039 2097 Maii
1051 2078 1114 2107 pag.
1132 2075 1181 2107 34.
1199 2079 1264 2100 cum
1287 2066 1346 2110 seq.
1371 2067 1406 2097 ad
1418 2069 1447 2097 1.

852 2116 866 2135 u
890 2125 898 2134 .
916 2128 919 2130 .

794 2142 1023 2182 presbyterisque
1034 2144 1136 2182 quibus
1152 2155 1202 2184 pro
1222 2145 1391 2176 observantia
1402 2144 1449 2174 di·

830 2182 865 2212 ffi
878 2182 983 2212 decreti
995 2185 1135 2213 committi
1153 2184 1223 2214 solet
1235 2185 1355 2215 custodia
1376 2184 1447 2213 dua-

831 2232 894 2251 rum
917 2220 1100 2252 Ecclefiarum
1125 2223 1157 2253 iis
1172 2225 1246 2253 annis
1265 2246 1274 2258 ‚
1294 2223 1395 2263 quibus
1417 2223 1446 2252 in

830 2260 930 2290 eisdem
943 2270 999 2290 non
1013 2261 1189 2292 celebrantur
1204 2261 1308 2294 Divina
1325 2262 1445 2295 Officia,

831 2307 882 2328 nec
895 2299 1071 2331 Sacramenta
1084 2299 1309 2332 administrantur
1324 2319 1335 2334 2
1347 2300 1450 2344 probi·-

831 2338 925 2367 bitum
949 2337 1000 2369 fuit
1014 2341 1038 2370 se
1051 2340 1222 2370 denominari
1235 2358 1244 2374 ,
1270 2351 1301 2370 ae
1317 2337 1449 2368 subscribi

834 2377 973 2408 Parocbos
987 2399 996 2414 ‚
1023 2388 1054 2408 ac
1065 2379 1092 2406 in
1103 2379 1158 2408 illis
1171 2379 1265 2408 munia
1278 2377 1451 2408 Parrocbia-

836 2417 874 2446 lia
897 2416 998 2454 abique
1010 2416 1120 2447 licentia
1132 2436 1145 2449 ‚
1166 2420 1193 2446 sc
1208 2415 1450 2456 consensu'Arcbi-

836 2456 987 2494 presbyteri
999 2464 1127 2486 exercere
1138 2476 1149 2491 ,
1175 2455 1271 2485 stolam
1291 2456 1318 2483 in
1332 2453 1445 2492 proces-

837 2494 956 2523 fionibus
966 2495 1088 2526 deferre,
1102 2502 1134 2523 ac
1145 2494 1358 2532 praecedentiam
1367 2492 1449 2530 supra.

836 2539 945 2562 ceteros
979 2533 1147 2570 antiquiores
1179 2534 1356 2572 presbyteros
1381 2541 1450 2571 pm·

837 2570 952 2603 tendere
962 2571 1029 2602 ibid.
1041 2570 1076 2601 ad
1088 2571 1131 2601 11·
1140 2572 1180 2610 ’,δι
1194 2573 1253 2604 111.
1262 2571 1329 2605 ‹lub-
