1883 2907
113 939 230 978 &eff-24.
244 950 267 975 e.
277 948 319 975 ιι·

111 978 147 1008 de
160 981 213 1020 refi

104 1430 169 1471 soff.
185 1443 234 1469 tt·
251 1444 304 1476 ent.

104 1472 143 1505 de
149 1474 205 1513 rfi

373 74 509 143 1147²An
531 104 562 138 ὁι
586 99 757 150 quomodo
780 98 903 134 mulcta
932 108 993 144 per
1011 95 1204 145 capitulum
1227 96 1380 146 impolita
1398 104 1575 147 competat
1594 100 1781 148 appellatio
1795 107 1837 142 ad

502 150 702 195 Episcopum
725 147 759 182 in
786 146 863 181 casu
882 146 948 196 ᾅιε.
1807 178 1823 191 ι

361 197 529 243 Responsa
551 198 618 233 haee
638 196 766 231 fucrant
785 193 1077 235 Amplissimorum
1099 193 1238 230 Patrum
1251 221 1260 231 .

453 244 514 280 Ad
530 248 672 289 primum
687 242 891 278 affirmative
918 243 1026 286 quoad
1053 241 1198 288 primam
1216 251 1350 289 partem
1364 269 1374 282 ,
1398 244 1560 290 negative
1583 250 1692 291 quoad
1712 250 1830 289 secun.

362 292 461 326 dam,
491 291 739 327 Adsecundum
760 298 947 334 competere
974 299 1031 332 pro
1049 289 1185 324 levibus
1211 290 1396 326 exceflibus
1425 292 1529 327 etiam
1558 302 1658 333 extra
1685 297 1830 338 chorum

361 340 392 373 ὅ(
409 338 587 374 Ecclesiam
603 338 779 374 commillis
804 336 837 370 in
854 334 1086 370 functionibus
1107 345 1221 373 tamn
1238 337 1475 375 ecclesiasticis
1490 349 1625 377 tantum
1641 369 1652 383 ,
1680 344 1716 381 in
1747 349 1830 394 qui-

359 386 422 422 bus
448 387 638 432 capitulum
663 385 813 431 procedit
838 383 897 419 sub
911 393 1031 417 cruce.
1060 383 1116 418 Ad
1133 386 1273 420 tertium
1293 385 1546 423 affirmativein
1561 391 1695 427 mulctis
1718 405 1828 440 pecu—

359 434 480 469 niariis
504 443 632 467 tantum
645 460 654 473 ‚
669 444 787 478 nempe
804 432 949 465 duorum
970 454 980 468 ,
1005 431 1063 465 vel
1076 441 1222 478 quatuor
1236 461 1243 472 ,
1268 433 1299 467 δι
1315 433 1358 468 ad
1371 434 1532 470 summam
1548 435 1604 472 sex
1621 439 1825 479 ducatorum

359 480 457 522 iuxta
473 482 563 515 casus
579 507 588 520 ,
616 481 663 514 ita
682 489 796 514 tamen
825 488 860 512 ut
875 477 1001 512 mulcta
1025 488 1183 526 erogetur
1210 480 1245 516 in
1268 479 1344 517 usus
1371 492 1445 529 pios
1460 508 1469 520 .
1494 484 1717 532 Adquartum
1731 490 1824 527 affir-

358 529 490 564 mative
509 527 548 562 ad
570 537 751 573 utrumque
764 525 916 562 effeetum
932 554 940 563 .

355 625 443 662 Cum
470 626 578 668 igitur
603 626 700 662 causa
731 637 821 662 nunc
849 636 1051 672 proponatur
1068 655 1078 669 ,
1099 637 1260 676 poterunt
1280 628 1541 667 Eminentiffimi
1556 631 1673 670 Patres
1697 635 1822 675 folium

402 675 487 710 illud
501 673 785 721 Congrcgationis
801 673 868 709 diei
887 685 914 714 3.
934 674 1137 712 Decembris
1162 679 1241 712 anni
1259 688 1357 718 1735.
1374 680 1463 723 quod
1489 682 1529 715 ed
1549 689 1621 716 tum
1644 681 1691 718 est
1706 687 1823 732 Vol.7.

404 723 585 803 ygffisstsges.
611 730 685 758 sac.
715 727 831 769 Cong:.
852 729 1013 770 pag163.
1040 725 1150 761 oculis
1173 726 1299 761 iterum
1319 724 1485 769 subjicere
1501 754 1512 769 ‚
1537 738 1576 764 ut
1602 732 1820 774 decernet&

350 780 418 851 ’.ΛΞ
428 814 473 858 fit
490 794 645 859 standum
662 842 672 857 ‚
701 817 762 854 vel
783 818 1001 857 recedendum
1026 821 1182 866 aDeciJis
1209 825 1244 858 in
1260 821 1337 867 casu
1360 824 1438 859 &c-

450 999 552 1034 toties
581 999 744 1044 proposita
758 999 869 1035 causa
894 1002 964 1038 haec
994 1004 1081 1045 fuit,
1108 1006 1193 1040 redit
1209 1017 1297 1042 nunc
1329 1005 1546 1048 adjudicium
1570 1007 1709 1043 Patrum
1735 1022 1811 1046 am-

433 1044 614 1081 lffimorum
630 1073 638 1086 ‚
664 1047 721 1093 qui
734 1047 768 1081 in
781 1047 1063 1096 Congregatione
1085 1053 1200 1088 habita
1214 1054 1267 1088 die
1283 1057 1333 1088 18.
1348 1054 1506 1089 transacti
1521 1053 1638 1090 mensis
1655 1058 1810 1102 Septem*

392 1092 459 1127 bris
487 1093 731 1141 responderunt
747 1122 769 1136 ‚‚
795 1095 918 1134 Dilata
934 1100 966 1134 &
979 1099 1219 1137 examinentur
1231 1099 1389 1137 formiter
1404 1101 1506 1136 testes
1520 1103 1674 1148 produ6t1
1691 1116 1710 1139 a
1725 1117 1809 1152 pre-

395 1138 558 1186 pofito„:
585 1141 748 1188 Repetita
776 1144 881 1191 igitur
911 1148 1057 1184 lectione
1087 1147 1251 1183 foliorum
1272 1149 1424 1184 omnium
1452 1148 1553 1192 hujus
1578 1150 1705 1189 causae,
1732 1164 1806 1198 quae

388 1198 568 1270 Fumgrata
583 1189 722 1226 fuerunt
748 1192 783 1228 in
807 1192 867 1229 illo
880 1196 1170 1245 Congregationis
1183 1196 1250 1232 diei
1264 1205 1311 1244 ¹7-
1333 1195 1494 1233 transacti
1508 1195 1626 1234 menfis
1639 1197 1722 1239 Julii
1737 1211 1803 1243 re*

403 1245 469 1279 pon
494 1247 551 1272 ere
574 1246 732 1283 poterunt
747 1266 756 1275 .
839 1243 841 1248 '
1663 1264 1669 1267 -

338 1280 398 1317 'uin
402 1281 448 1324 fit
449 1283 614 1327 standum
632 1312 641 1326 ,
667 1288 731 1324 vel
742 1291 962 1328 recedendum
985 1306 1006 1327 a
1020 1290 1147 1336 Decisis
1160 1293 1195 1327 in
1209 1291 1285 1337 casia
1309 1292 1386 1330 &c.

349 950 420 1034 E
442 949 671 987 UGUBINA
694 949 1054 993 PRAEFECTURAE
1078 956 1257 993 CHORI.
1285 958 1376 1009 Qae
1400 958 1509 995 toties
1531 959 1566 994 in
1591 959 1685 996 foliis
1699 961 1812 1000 data.»

391 1046 428 1092 pl

414 1419 719 1461 RAENESTINA
745 1427 1184 1466 CONTRIBUTIONIS
1200 1458 1208 1467 .
1234 1429 1271 1465 In
1285 1429 1479 1466 vifitatione
1492 1428 1562 1464 aeta
1582 1431 1623 1465 ab
1637 1430 1803 1466 Eminen-

426 1468 556 1505 tissimo
570 1470 734 1519 Episcopo
745 1475 951 1514 Praenestino
967 1490 1056 1514 anno
1073 1488 1173 1525 1742.
1203 1478 1240 1512 in
1254 1477 1389 1523 Oppido
1415 1477 1550 1513 Paliani
1577 1477 1715 1512 oblatus
1745 1479 1799 1513 illi

383 1513 451 1550 fust
476 1517 608 1552 libellus
624 1546 634 1560 ,
660 1533 726 1568 quo
744 1525 917 1568 petebatur
928 1550 939 1565 ,
952 1536 990 1562 ut
1003 1526 1068 1561 duo
1081 1526 1134 1569 adj
1140 1534 1352 1572 ungerentur
1364 1524 1520 1560 Parocho
1533 1552 1542 1564 ,
1575 1523 1644 1559 five
1659 1535 1797 1571 praepo-

380 1561 444 1598 fito
460 1562 654 1603 Sacerdotes
667 1571 883 1614 coadjutores
899 1601 907 1611 ,
921 1573 979 1620 qui
995 1574 1028 1609 ei
1041 1585 1141 1621 opem
1154 1571 1283 1608 ferrent
1300 1571 1337 1607 in
1352 1571 1547 1608 exercenda
1560 1583 1642 1608 cura
1664 1583 1800 1607 anima-

380 1620 454 1645 rum
469 1637 479 1650 >
506 1623 581 1646 cum
594 1616 637 1649 ob
650 1619 780 1653 auctum
798 1618 922 1665 Populi
948 1632 1126 1657 numerum
1144 1647 1154 1659 ,
1185 1619 1266 1655 satis
1282 1630 1349 1654 non
1374 1618 1454 1655 ess'et
1473 1630 1578 1666 opera
1594 1618 1736 1669 Paroclii
1753 1618 1798 1655 ad

377 1656 609 1696 Ecclefiastica
638 1662 858 1707 Sacramenta
877 1670 1006 1714 populo
1028 1668 1244 1704 ministranda
1258 1693 1266 1702 .
1299 1666 1420 1702 Visum
1449 1667 1497 1702 est
1517 1665 1797 1702 Eminentissimo

377 1705 550 1751 Episcopo
576 1710 728 1746 constare
747 1712 823 1748 satis
852 1715 892 1750 de
906 1715 1104 1751 necessitate
1131 1713 1396 1756 coadjutorum,
1421 1716 1452 1750 ὅ(
1481 1714 1796 1766 quaesitum-ind&

376 1750 442 1786 fUi‘
454 1756 494 1787 de
513 1755 646 1791 ¹³11011e
662 1785 672 1797 ‚
697 1771 763 1806 qua
780 1760 886 1806 poffet
898 1762 970 1798 illis
985 1762 1186 1810 stipendium
1221 1760 1392 1807 praestari5
1419 1762 1615 1808 praepositus
1630 1771 1722 1796 enim
1740 1773 1797 1796 ne-

375 1799 478 1844 gabat
502 1812 601 1847 pares
625 1804 705 1840 huic
734 1808 783 1842 rei
811 1807 870 1846 fibi
896 1811 988 1847 vires
1010 1814 1074 1846 effe
1090 1837 1100 1850 ‚
1125 1820 1204 1845 cum
1217 1809 1275 1845 vix
1288 1808 1418 1845 salvam
1444 1809 1584 1844 haberet
1608 1818 1792 1856 congruam

372 1847 570 1891 portionem
595 1850 868 1892 alimentariam.
893 1859 1097 1903 Capitulum
1117 1855 1303 1902 collegiata:
1318 1855 1464 1892 ecclefiae
1485 1857 1676 1891 S-Andreae
1698 1867 1790 1902 pne-

371 1893 434 1927 V50
447 1895 599 1942 collegio
613 1924 623 1937 ³
650 1899 682 1934 in
696 1912 763 1945 quo
777 1902 919 1940 affuit&
935 1906 984 1946 Jo.
997 1905 1144 1952 Baptista
1161 1902 1414 1939 Dorasoemius
1428 1902 1624 1950 praepofitus
1642 1928 1646 1931 »
1666 1903 1697 1938 &
1711 1902 1786 1944 ejils

371 1950 511 1985 patruus
526 1944 654 1980 obtulit
680 1947 739 1982 sub
759 1950 1010 1994 protestatione
1032 1961 1149 1987 tamen
1165 1959 1309 1996 quatuor
1321 1950 1577 1986 canonicorum
1594 1957 1678 1985 bona
1694 1961 1787 1996 quae-

369 1985 448 2022 dam
461 1988 515 2024 illi
531 1991 649 2026 relicta
663 2006 680 2028 a
693 1993 756 2041 pio
775 1996 935 2034 testatore
950 2025 961 2039 ,
975 2011 1052 2044 quae
1063 1998 1231 2034 redditum
1245 1996 1442 2043 prestabant
1458 1997 1686 2044 quindecicim
1704 1997 1795 2031 scu-'

371 2041 437 2085 ¹011.
452 2033 587 2082 singulis
610 2041 728 2075 annis=
756 2042 959 2090 Praepofitus
985 2058 1094 2087 vero,
1120 2045 1178 2092 qui
1193 2055 1309 2080 curam
1336 2044 1441 2080 habet
1463 2045 1628 2080 adnexam
1652 2043 1779 2091 populi

369 2083 513 2117 universi
529 2111 538 2123 ,
553 2087 742 2131 adsignavit
755 2101 868 2127 annua
882 2092 976 2129 scuta
994 2104 1050 2135 25·
1066 2120 1076 2133 ,
1088 2092 1209 2139 quibus
1223 2091 1356 2127 summis
1371 2091 1564 2135 conjunctis
1579 2120 1588 2135 ,
1605 2089 1783 2137 unusquis-

370 2137 434 2172 que
457 2131 630 2180 c05³dlutot·
655 2147 766 2171 annuo
779 2138 925 2175 scut.20.
940 2141 1007 2177 frui
1024 2150 1163 2188 poterat
1176 2139 1377 2186 compendio
1394 2167 1402 2175 .
1754 2185 1762 2192 .

328 2169 442 2209 Rebus
456 2200 466 2214 ³
493 2186 541 2212 ¹¹3
564 2182 752 2227 COmpofitiS
767 2210 776 2224 2
803 2187 928 2234 populi
952 2189 1090 2224 nomine
1113 2188 1237 2223 oblatae
1265 2187 1406 2222 fuerunt
1430 2197 1544 2231 preces
1573 2184 1677 2222 Sacro
1701 2185 1784 2222 hulc

367 2219 555 2273 Tfspunall
570 2251 578 2262 ³
593 2229 713 2272 quibus
740 2230 929 2276 petebatur
939 2237 1062 2271 erectio
1075 2237 1214 2271 duarum
1236 2234 1521 2273 coadiutoriarum
1533 2258 1540 2265 .
1566 2233 1785 2285 Eminenris}

366 2267 440 2303 fimi
469 2271 584 2307 Patres
602 2298 612 2311 ,
641 2275 760 2310 audito
781 2287 817 2313 ut
839 2292 898 2325 par
924 2291 998 2317 erat
1022 2281 1299 2317 Eminentissimo
1324 2279 1491 2325 Episcopo
1509 2307 1518 2320 ,
1545 2280 1598 2314 die
1622 2285 1673 2316 ιδ,
1690 2280 1781 2331 Man

371 2325 466 2360 ¹743·
495 2319 734 2365 rescripserssnt
748 2349 772 2363 ‚,
797 2326 865 2362 Pro
879 2330 1126 2373 approbatione
1157 2328 1302 2364 arbitrio
1314 2327 1581 2363 Eminentissimi
1597 2328 1776 2375 Episcopi,

365 2363 398 2395 &
432 2366 527 2406 iuxta
549 2370 812 2406 conventionem
827 2387 874 2413 ης
901 2375 1045 2421 ideoque
1074 2376 1133 2411 die
1159 2377 1267 2422 prima
1282 2375 1372 2416 Junil
1401 2375 1547 2418 ejusdem
1561 2375 1642 2409 anni
1659 2375 1779 2408 decre·-

369 2416 403 2441 ta
417 2408 481 2444 fuit
495 2423 511 2445 a
525 2413 665 2449 Vicario
677 2415 841 2462 Generali
869 2421 1071 2457 Praenestino
1093 2422 1230 2457 illarum
1245 2423 1369 2457 erectio
1382 2449 1392 2461 ,
1423 2431 1459 2457 ut
1471 2431 1680 2457 conventum
1697 2420 1778 2456 fue-

364 2464 418 2488 rat
439 2468 480 2506 ex
492 2460 586 2495 bonis
605 2474 724 2509 nempe
749 2467 922 2512 capituli,
951 2470 982 2505 δι
1010 2469 1186 2516 propositi.
1215 2470 1343 2517 Exequi
1370 2479 1480 2506 tamen
1506 2470 1682 2505 decretum
1707 2474 1779 2503 non*

364 2511 479 2550 potuit
495 2506 674 2555 *obsistente
699 2512 855 2559 capitulo
874 2542 884 2557 ,
910 2527 1005 2563 aquo
1019 2517 1195 2553 consensus
1209 2518 1341 2563 pridem
1355 2517 1450 2553 datus
1468 2517 1520 2552 uti
1549 2516 1776 2564 illegitimus.

367 2546 519 2599 lnformis
536 2578 545 2590 ‚
565 2554 595 2587 &
610 2555 723 2593 nullus
748 2572 930 2598 revocatus
956 2564 1046 2604 fuit,
1071 2574 1174 2612 atque
1196 2566 1238 2599 ad
1255 2565 1514 2612 exequutionem
1535 2563 1663 2600 decreti
1691 2570 1779 2608 prae-

364 2595 562 2647 pediendam
587 2602 709 2638 oblatae
725 2604 862 2643 fuerunt
883 2612 924 2645 ab
938 2612 1058 2648 eodem
1071 2613 1223 2657 capitulo
1236 2624 1351 2660 preces
1371 2610 1588 2657 amplissimis
1608 2610 1779 2661 Patribus,

364 2643 519 2688 aquibus
532 2653 657 2683 iterum
681 2661 817 2697 rogatus
842 2656 910 2696 fuit
933 2660 973 2694 de
985 2658 1153 2697 sententia
1172 2660 1277 2698 animi
1306 2659 1357 2697 sui
1375 2659 1669 2698 Eminentissimus
1684 2654 1779 2701 Epu-

1642 2714 1773 2752 copus,
