1874 2961
73 99 152 143 casu
172 94 296 134 &caat
311 101 478 141 quatenus
500 93 734 131 affirmative.
755 98 800 129 ΙΙ.
814 99 873 131 „An
891 94 1102 144 supplicatio
1132 102 1326 139 sacerdotis
1349 106 1389 141 de
1406 67 1496 142 Gli?-

79 141 238 185 Iottisfit
251 142 442 178 relaxanda
457 169 467 183 ,
484 146 543 186 scu
553 145 674 190 potius
699 143 745 185 sit
757 144 852 179 locus
871 143 1075 188 sanationi3
1103 145 1135 179 ἃ
1163 158 1332 191 quatenus
1356 152 1493 198 negati-

77 203 122 228 ve
144 189 184 226 ad
202 189 354 237 primum
368 217 375 225 .
401 194 459 223 Ill.
486 189 682 231 Anconstet
708 192 747 226 de
762 191 853 226 mala
873 192 1043 227 relatione
1072 197 1358 234 examinatorum
1387 202 1422 234 in
1434 212 1494 234 ca·

58 240 112 285 sn
124 241 206 276 (stc.
239 237 450 284 &quatenus
473 235 680 272 affirmative
704 262 714 272 .
734 241 791 274 IV.
818 243 878 273 An
900 238 945 280 fit
970 238 1065 274 locus
1071 247 1334 319 „provocationi
1366 252 1492 283 Sacer-

77 288 171 323 dotis
208 286 407 322 Turturella
430 285 472 318 ad
486 296 609 320 novum
625 297 768 321 examen
781 284 796 319 3
811 283 1059 321 Placuit-Sacro
1111 287 1258 324 tibunali
1272 290 1468 337 respondere
1482 318 1494 329 .

81 335 142 371 ,Ad
158 338 184 368 I.
198 337 242 370 &-
255 337 299 369 ΙΙ.
324 334 395 376 else
409 333 518 368 locum
538 333 714 376 sanationi
740 336 781 366 ad
792 334 986 369 cautl1elam
1000 359 1011 374 ,
1035 337 1079 371 Θ
1099 337 1144 369 ad
1155 346 1301 373 mentem
1314 351 1324 371 ε
1357 344 1393 374 In
1406 343 1496 377 reli-

59 385 164 431 ‹quis
185 381 276 425 letis
289 380 468 428 provisitm
485 405 495 418 ,
519 387 557 414 ut
581 377 738 426 cognosci
762 379 868 425 potest
899 392 941 416 ex
967 381 1060 425 Thes·
1084 382 1192 428 Resol.
1210 390 1306 420 Sacr.
1335 392 1497 440 congreg.

80 429 249 466 vol.XIV.
271 425 588 476 pag.81.Gallotus
610 426 725 474 itaque
740 452 750 466 ‚
777 428 832 473 qui
848 429 956 463 victus
978 427 1047 463 fuit
1062 454 1072 468 ,
1097 429 1261 474 postulat,
1284 423 1498 478 utampliflt-

65 475 124 512 1mi
143 475 261 510 Patres
275 499 286 513 ,
307 483 438 511 mutata
456 474 628 510 sententia
647 501 657 515 ,
685 474 866 510 secundum
883 487 960 511 eum
975 487 1063 511 nunc
1078 475 1306 521 respondeant
1320 479 1497 516 Libellum

77 535 97 559 a
110 520 315 558 Turturella
339 522 496 559 hactenus
511 532 578 556 non
592 521 793 559 habuimus;
821 522 994 570 Rogamus
1007 523 1113 571 igitur
1127 523 1409 565 Eminentiffimos
1426 528 1495 563 Pa-

80 580 148 607 tres
167 597 177 610 ,
202 578 240 604 ut
264 568 410 617 speciem
425 569 540 605 Causae
554 577 708 614 repetant
733 582 776 604 ex
803 570 888 605 folio
906 572 1021 617 primae
1045 571 1312 618 propositionis,
1334 574 1427 625 quod
1447 575 1496 611 est

79 619 115 654 in
129 617 255 654 eodem
271 618 441 652 Vol.XIV.
456 617 612 660 Thes-zur·
624 619 765 663 p.‹g.176.
780 626 817 652 ut
837 618 1039 665 cognoscant
1059 646 1067 654 .

38 666 149 710 Aust!
170 664 322 705 sltmdism
336 691 346 703 ,
372 665 432 699 ‘vel
455 665 672 700 recedendum
692 678 712 697 a
727 664 850 707 Dectfis
870 669 905 701 in
919 667 995 710 casu
1020 671 1096 705 ὠς.

127 765 184 801 Ad
196 765 343 811 primum
357 788 367 801 ,
390 763 423 797 8<
433 761 613 798 secundum
640 761 674 797 in
685 763 801 800 decisis
815 790 825 804 ‚
851 765 882 800 ὃ(
897 765 1044 812 amplius
1056 792 1065 802 .
1090 767 1151 803 Ad
1166 770 1307 805 tertium
1320 770 1492 818 negative.

28 811 92 850 Ad
116 820 277 860 quartum
292 808 462 859 provisum
489 811 526 847 in
540 809 666 847 Tertio
678 835 686 846 .

111 949 314 987 ARlSlEN.
336 949 640 987 NULLlTATIS
668 950 879 987 ORDINIS
908 952 1363 991 SUBDIACONATUS=
1389 956 1488 992 Sum·
1521 964 1730 1004 Sosianum.

121 1010 174 1033 ma
187 1010 251 1044 ope
266 999 402 1034 curavit
415 998 529 1034 Mater
543 998 679 1040 Joannis
693 998 842 1044 Baptistae
856 999 989 1046 Josephi
1008 1001 1127 1037 Saveri
1141 1028 1152 1042 ‚
1178 1011 1216 1037 ut
1230 1000 1321 1037 filius
1342 1002 1424 1037 licet
1436 1003 1487 1041 in·
1520 1006 1556 1036 de
1566 1001 1621 1041 refi

73 1046 166 1081 vitus
179 1046 213 1081 in
234 1046 399 1081 Ordinem
412 1045 624 1083 Clericorum
636 1045 917 1082 confiliariorum
932 1047 1073 1093 supremi
1086 1049 1225 1084 Senatus
1240 1048 1421 1085 Parifienfis
1431 1051 1490 1086 ad-

65 1094 245 1140 -legeretur
260 1107 266 1127 :
296 1093 551 1141 Repugnamiae
563 1093 660 1130 causa
676 1103 747 1129 erat
761 1121 771 1134 ‚
794 1095 880 1139 quod
895 1094 986 1129 filius
1008 1096 1156 1132 animum
1174 1097 1317 1131 habebat
1331 1098 1489 1134 aversum

72 1153 92 1175 a
106 1141 215 1176 Sacris
231 1141 423 1177 Ordinibus
437 1166 448 1181 ‚
474 1153 557 1188 quos
571 1141 681 1177 secum
696 1141 764 1177 fert
787 1153 907 1177 munus
924 1168 933 1182 ,
956 1143 989 1177 &
1007 1143 1166 1190 Dignitas
1180 1143 1381 1179 Confiliarii
1399 1171 1407 1180 .
1434 1147 1489 1182 At

73 1189 191 1224 Mater
210 1188 300 1224 nihil
314 1188 476 1224 intactum
492 1189 632 1235 reliquit
643 1214 654 1227 ‚
676 1199 713 1224 ut
727 1189 835 1223 filium
850 1189 997 1224 flecteret
1013 1216 1022 1229 ,
1047 1191 1274 1237 duritiemque
1289 1192 1362 1233 ejus
1376 1193 1487 1229 animi

71 1235 307 1271 &voluntatis
333 1235 512 1276 molliret;
532 1236 726 1271 rationibus
739 1237 856 1283 itaque
885 1236 1056 1282 politicis,
1088 1238 1225 1273 assiduis
1245 1239 1464 1275 contumeliis
1477 1266 1490 1280 ‚

67 1283 106 1318 &
122 1282 222 1318 minis
234 1284 515 1319 exhaeredationis
540 1282 651 1319 filium
668 1286 830 1330 urgebat:
862 1283 926 1319 His
952 1283 1073 1320 fraeus
1099 1284 1330 1321 adolescentis
1354 1285 1487 1322 animus

69 1331 241 1378 optimum
260 1331 358 1367 duxit
379 1330 532 1367 Matrem
556 1331 716 1378 decipere
732 1357 742 1371 ,
770 1331 928 1366 simulans
950 1331 1096 1373 ejusdem
1125 1332 1216 1368 votis
1241 1330 1428 1373 assensum,
1451 1334 1487 1369 ἃ

67 1378 102 1413 ἃ
128 1377 403 1414 subdiaconatus
428 1379 601 1415 Ordinem
627 1378 848 1414 lubentissime
867 1377 898 1412 se
923 1377 1150 1425 suscepturum
1166 1406 1177 1419 ,
1200 1388 1238 1414 ut
1264 1378 1416 1415 fecitdie
1427 1391 1486 1421 23.

69 1425 218 1472 Augusti
232 1424 313 1460 anni
326 1431 427 1468 1639.
451 1425 502 1461 Ut
517 1437 602 1462 vero
615 1427 793 1461 contrariae
809 1426 871 1460 suae
889 1425 1090 1462 Voluntatis
1109 1427 1236 1472 semper
1246 1426 1396 1462 constare
1412 1427 1487 1473 pos-

73 1472 122 1507 set
145 1472 324 1517 probatio,
350 1473 413 1509 hac
441 1473 518 1509 usus
542 1472 590 1510 est
610 1474 769 1508 cautione
792 1500 802 1514 ,
833 1481 870 1507 ut
890 1472 997 1518 pridie
1023 1484 1096 1508 eam
1123 1474 1284 1520 panderet
1309 1474 1485 1515 Nazario,

69 1519 103 1554 δι
129 1519 287 1555 Testibus
305 1545 315 1558 ,
338 1521 460 1567 quibus
483 1521 673 1557 declaravit
689 1520 825 1556 initiari
851 1520 974 1554 Ordini
998 1521 1289 1560 Subdiaconatus,
1317 1531 1355 1556 ut
1372 1521 1484 1558 Matri

69 1565 223 1613 placeret
238 1595 246 1602 .
272 1567 369 1602 Dum
381 1568 498 1603 Mater
521 1569 613 1605 vixit
627 1595 637 1608 ‚
659 1568 820 1603 abstinuit
833 1567 952 1611 Joseph
966 1568 1006 1602 ab
1019 1568 1166 1603 Ordinis
1179 1567 1348 1604 exercitio
1365 1596 1376 1610 ,
1392 1569 1484 1615 quod

70 1613 174 1649 sciret
190 1613 436 1650 subdiaconum
454 1627 520 1650 non
535 1616 600 1649 effe
616 1642 627 1655 ‚
648 1616 679 1650 δι
708 1615 756 1649 ita
776 1613 986 1650 constantem
1012 1614 1199 1650 voluntatis
1227 1615 1290 1651 suae
1312 1617 1485 1652 modum.»

71 1659 264 1695 ostenderet
289 1661 410 1696 Ordini
436 1661 607 1698 aversum.
636 1661 709 1697 Ubi
726 1673 809 1697 vero
830 1670 973 1696 mortem
990 1660 1078 1695 obiit
1097 1663 1215 1699 Mater
1243 1663 1338 1697 binas
1359 1663 1413 1698 die
1428 1674 1482 1699 10.

70 1709 102 1742 δι
120 1717 174 1743 20.
191 1707 273 1748 Julii
296 1710 376 1744 anni
392 1719 489 1755 1744-
503 1709 611 1744 edidit
635 1708 756 1745 similes
771 1709 1017 1743 declarationes
1031 1720 1145 1745 coram
1155 1710 1306 1745 Notario
1325 1735 1335 1749 ,
1360 1709 1395 1744 δ(
1407 1709 1482 1745 Te—

67 1754 171 1789 stibus
184 1780 194 1794 ,
208 1755 429 1801 interpellata
442 1758 566 1792 Sorore
591 1757 648 1791 sua
662 1782 671 1795 ,
690 1758 721 1792 δι
736 1756 909 1791 cohaerede
922 1780 931 1788 .
960 1756 1083 1790 Preces
1107 1757 1186 1791 inde
1208 1755 1336 1791 obtulit
1356 1756 1481 1792 Sacra—

69 1802 195 1837 tiffimo
210 1801 362 1847 Principi
386 1802 495 1838 nostro
509 1829 520 1842 ,
547 1803 668 1849 quibus
683 1803 867 1848 postulabat
889 1802 1056 1836 declarari
1070 1803 1266 1837 nullitatem
1287 1803 1386 1846 huius
1399 1815 1481 1850 pro-

67 1847 173 1884 cess'us
195 1849 244 1883 sui
273 1850 313 1884 ad
327 1850 499 1887 Ordinem
515 1851 780 1885 Subdiaconatus
795 1875 805 1888 ,
829 1849 976 1894 dataque
1001 1849 1241 1895 postulationis
1253 1850 1353 1892 hujus
1366 1853 1482 1897 cogni-

72 1897 167 1932 tione
182 1895 264 1931 huic
279 1896 476 1942 amplissimo
489 1896 618 1933 Ordini
633 1924 642 1937 ‚
664 1897 812 1940 ejusdem
832 1907 920 1930 nunc
937 1893 1172 1931 definitionem
1187 1897 1343 1943 expectat
1357 1925 1364 1932 .
1390 1898 1479 1944 Qae

69 1944 168 1988 supra
191 1943 406 1980 narravimus
430 1943 608 1980 ccnfirmat
634 1944 790 1979 Nuncius
813 1942 1026 1987 Apostolicus
1041 1969 1051 1982 ,
1075 1942 1251 1978 confirmat
1281 1944 1480 1990 Archiepis-

69 2001 181 2036 copus
193 1989 380 2025 Pa'risiensts
394 2017 404 2031 ,
431 1991 490 2037 qui
501 1993 620 2027 dicunt
634 1995 748 2026 omnia
775 1990 915 2036 probari
933 1987 1248 2025 Testificationibus
1275 1990 1452 2027 hominum
1465 2018 1490 2032 ,v

67 2037 127 2084 qui
153 2036 219 2071 fide
244 2037 338 2084 digni
356 2038 456 2073 sunt:
479 2039 627 2086 pertinet
651 2039 766 2084 itaque
793 2037 832 2072 ad
855 2037 1139 2073 Eminentiffimos
1165 2039 1281 2074 Patres
1311 2036 1476 2076 definire.

20 2091 82 2121 «An
101 2083 225 2125 constet
250 2086 288 2121 de
302 2085 466 2122 narllitate
497 2089 636 2123 Ordinis
651 2087 921 2122 subdiaconatus
947 2088 982 2121 in
999 2086 1075 2130 cafit
1095 2090 1166 2122 &a

70 2193 72 2196 ’
115 2183 292 2232 Negative
305 2211 316 2225 ‚
336 2186 368 2221 δι
395 2185 537 2232 amplius
552 2214 560 2223 .

68 2318 271 2356 1ANUEN.
299 2320 623 2358 MATRIMONII
645 2348 654 2358 .
684 2322 873 2358 contracto
899 2322 1126 2359 Matrimonio
1153 2323 1206 2358 die
1235 2322 1327 2358 sexta
1354 2320 1472 2358 menfis
1508 2351 1517 2361 ,

16 2323 67 2426 J
93 2367 293 2413 Septembris
327 2370 408 2404 anni
436 2381 565 2414 1741.,
592 2372 681 2405 inter
717 2369 853 2404 Liviam
882 2370 1029 2406 Mariam
1060 2369 1240 2405 Gentilem
1266 2397 1277 2409 ‚
1318 2371 1350 2405 ἃ
1382 2369 1474 2403 Lau·
1507 2349 1714 2433 ‘iffi-²532·

68 2414 481 2452 rentium'Centurionum
504 2417 648 2452 Nobiles
665 2444 674 2457 ‚
700 2417 934 2464 Patriciosque
957 2417 1135 2459 januenses
1153 2444 1163 2457 ,
1187 2417 1295 2462 spatio
1308 2415 1471 2451 mensium
1500 2424 1504 2428 “
1598 2415 1606 2425 “
1688 2406 1713 2426 '''

68 2459 305 2509 duodeviginti
330 2463 468 2499 circiter
493 2465 528 2498 in
553 2465 629 2500 lec'ti
655 2464 812 2500 societate
836 2463 997 2504 fuerunt,
1020 2464 1079 2499 sed
1103 2463 1263 2510 inutilem
1277 2474 1353 2499 eam
1370 2475 1476 2509 agno·-

68 2506 221 2548 scentes‚
252 2507 433 2546 deficiente
458 2511 633 2546 individua
657 2522 837 2557 corporum
856 2512 1119 2555 conjuncttione,
1147 2521 1261 2556 preces
1273 2511 1475 2547 obtulerunt

70 2553 214 2599 Optimo
236 2557 455 2605 Maximoque
488 2557 648 2594 Pontifici
670 2557 779 2593 nostro
802 2584 813 2597 ‚
843 2558 966 2605 quibus
1003 2556 1214 2604 postularunt
1238 2559 1475 2605 Dispenfiztio-
1525 2568 1534 2578 ‘

69 2613 143 2637 nem
164 2607 380 2642 Matrimonii
403 2609 476 2642 rati
498 2633 508 2646 ‚
533 2611 576 2643 οἱ»
603 2620 666 2642 non
691 2607 904 2650 consumati:
929 2605 1022 2640 Data
1045 2604 1113 2640 fuit
1127 2605 1228 2648 hujus
1250 2606 1299 2641 rei
1323 2604 1475 2651 cognitio

70 2653 325 2698 congregationi
334 2654 551 2700 particulari
557 2662 624 2701 pro
638 2661 720 2690 voto
735 2677 746 2696 ,
767 2663 839 2698 quae
854 2652 1031 2690 mandavit
1043 2651 1312 2695 jurisdictionem
1325 2652 1474 2687 Archie-

1333 2698 1473 2745 piscopo
