1883 2907
94 191 207 234 Schtz.
223 204 277 230 ας.

74 235 107 261 a'ae
120 240 171 267 res·

371 133 602 214 66ULMEN.
634 175 736 212 Bellis
761 202 772 216 ,
791 175 951 212 incendiis
976 203 986 216 ,
1023 176 1054 211 δι
1085 173 1330 211 vastationibus
1354 173 1494 213 eversa,
1518 181 1622 222 atque
1643 176 1764 211 atti-ita

424 225 452 259 C
458 226 545 258 ulma
574 224 660 260 Urbs
675 224 761 259 intra
779 221 862 258 fines
879 221 1038 260 Borussiae
1056 223 1090 258 in
1101 222 1279 269 quamdam
1293 220 1383 266 quasi
1399 219 1609 258 solitudinem
1622 234 1771 260 conver-

365 272 396 309 sa
413 271 479 306 est:
502 272 670 318 Quipura
682 269 759 306 fidei
775 279 940 318 pra-cepta
956 269 1094 307 servem
1117 269 1156 306 ad
1174 268 1346 306 sexcentos
1373 268 1521 308 redactis
1551 267 1662 306 Unica
1700 283 1775 318 quar

367 318 528 364 superfuit
540 314 768 357 parochialis,
788 318 818 352 &
837 317 948 352 Mater
964 315 1113 353 Ecclesia
1128 317 1248 353 damna
1263 316 1343 351 tulit
1356 327 1454 361 quain
1471 315 1638 362 plurima:
1660 318 1776 354 Sacer-

365 366 481 407 dotes,
501 368 532 401 &
547 366 698 402 Ministri
724 376 800 400 eam
815 364 1054 403 deseruerunt,
1080 365 1310 410 pavimentum
1327 391 1336 403 ‚
1362 365 1490 398 scamna
1507 387 1517 401 ,
1547 363 1579 397 &
1605 362 1695 401 sacra
1723 365 1777 400 su.

367 414 480 460 pellex
496 415 613 449 attrita
628 422 748 451 erant,
773 411 1000 457 &absumpta
1016 437 1023 450 ‚
1051 410 1226 458 superstite
1252 419 1382 446 tantum
1405 410 1610 450 Sacerdote,
1635 412 1691 456 qui
1711 412 1777 449 Pa-

365 460 604 498 rochimunera
619 461 740 496 serret.
764 457 962 494 Culmenses
987 456 1145 504 Episcopi
1169 482 1180 496 ,
1208 467 1245 492 ut
1267 457 1411 493 Ecclesia
1439 457 1576 503 pristino
1600 457 1774 503 splendori

365 508 617 547 restitueretur,
643 517 715 540 eam
743 503 895 540 Patribus
924 503 1214 552 Congregationis
1241 504 1416 539 Missionis
1441 503 1694 546 concesserunt,
1715 507 1775 553 qui

365 555 475 589 veteri
489 580 498 593 ,
518 555 552 589 in
567 567 634 599 quo
649 553 782 595 jacebat
795 577 805 591 ,
834 551 1002 597 squallore
1013 552 1145 589 deterso
1157 580 1166 593 ‚
1189 561 1353 599 quantum
1367 554 1532 600 temporis
1550 552 1707 598 iniquitas
1720 565 1775 600 pa-

364 603 512 637 tiebatur
525 627 535 641 ‚
561 602 601 636 ad
614 601 793 649 antiquum
807 600 949 646 genium
967 626 978 640 ,
1002 601 1032 636 &
1047 598 1420 647 primaribdignitatem
1443 610 1517 633 eam
1541 610 1748 636 revocarunt
1766 625 1777 641 2

364 648 520 685 restituto
532 648 725 695 pavimento
739 674 749 687 ‚
773 647 963 691 parietibus
977 647 1164 683 incrustatis
1178 675 1188 689 ‚
1210 647 1351 683 scamnis
1374 646 1565 681 constructis
1584 671 1595 686 ,
1623 648 1656 682 &
1674 659 1779 683 reno-

364 705 444 730 vato
466 706 590 733 ornatu
605 722 615 736 ,
645 697 673 731 δι
692 694 841 730 vestibus
859 693 987 730 sacris:
1011 695 1162 734 Deerat,
1194 703 1230 729 ut
1243 693 1368 742 populi
1395 692 1608 740 frequentia,
1636 694 1668 730 &
1698 706 1780 741 erga

364 752 502 778 matrem
513 744 623 778 cultus
637 750 880 779 revocaretur.
902 741 1056 787 Episcopi
1085 743 1118 777 in
1136 741 1342 778 Vifitatione
1363 740 1461 776 editis
1487 739 1654 776 Decretis
1680 741 1780 777 resti-

364 800 503 824 tuerunt
518 791 568 833 jus
584 789 793 835 privativum
808 789 948 824 canendi
967 789 1220 825 lamentabilem
1246 789 1344 824 San&
1360 787 1448 822 ssimi
1466 788 1658 826 Salvatoris
1671 788 1777 825 nostri

364 836 438 879 jesu
455 835 583 872 Christi
600 837 794 873 Passionem
809 836 930 871 dicbus
945 836 1143 872 Dominicis
1156 834 1430 883 Qadragesimae
1444 861 1454 876 ‚
1478 839 1564 881 quod
1577 835 1628 877 jus
1654 835 1698 871 ob
1715 835 1781 872 Ec-

365 882 470 919 clesix
483 885 604 920 Matris
620 884 769 920 miseram
781 883 1014 919 conditionem
1029 884 1180 920 Patribus
1200 884 1440 919 Dominicanae
1455 910 1465 924 ,
1495 883 1526 917 &
1544 883 1777 923 Franciscanae

365 930 520 968 Familia:
536 960 544 972 ,
573 931 685 977 primis
700 931 782 966 seria
794 939 934 976 quarta,
957 930 1034 966 aliis
1061 942 1145 967 vero
1171 930 1264 966 sexta
1287 928 1486 976 permissum
1509 930 1617 966 fuerat
1637 957 1647 970 ‚
1671 941 1778 966 cane-

365 980 511 1023 bantque
523 978 684 1014 Polonica
697 978 812 1024 lingua
827 1002 836 1016 ‚
863 978 893 1015 ὅ(
909 977 1063 1014 Ritmico
1076 977 1176 1015 versu
1186 986 1384 1014 contextam
1397 977 1579 1022 passionem
1595 1003 1605 1012 .
1626 977 1772 1014 Paruere

363 1025 523 1061 Decretis
541 1026 754 1062 Franciscani
770 1051 781 1065 ‚
804 1025 1002 1062 recusarunt
1030 1025 1250 1061 Dominicani
1276 1050 1286 1063 ,
1314 1024 1491 1069 impetrata
1516 1024 1729 1063 inhibitione
1757 1038 1775 1062 a

362 1073 582 1108 Nunciatura
594 1073 756 1109 Polonica
770 1098 781 1111 ‚
811 1084 878 1118 qua
893 1074 1074 1109 vetabatur
1087 1073 1240 1108 Patribus
1257 1070 1456 1112 Missionis,
1482 1082 1523 1107 ne
1543 1083 1664 1109 canere
1694 1083 1775 1118 per·

363 1128 480 1165 gerent
493 1121 678 1166 passionem
693 1119 809 1156 diebus
825 1119 1020 1155 Dominicis
1035 1133 1045 1161 ,·
1062 1120 1300 1155 Obunuerunt
1313 1127 1428 1154 tamen
1444 1118 1562 1154 Patres
1577 1118 1771 1161 Missionis,

362 1175 400 1201 ut
416 1166 577 1203 inhibitio
593 1176 836 1209 revocaretur,
858 1167 891 1202 8<
902 1177 1046 1214 utraque
1058 1166 1202 1203 Ecclesia
1213 1165 1422 1202 parochialis
1437 1178 1556 1211 nempe
1572 1193 1582 1206 ‚
1609 1168 1640 1203 δι
1662 1167 1774 1204 Sancti

366 1213 548 1250 Dominici
565 1215 656 1250 stetit
672 1215 706 1249 in
721 1213 923 1260 poss'essi'one
938 1215 1078 1250 canendi
1092 1227 1102 1254 3
1133 1216 1190 1250 Sed
1204 1223 1363 1262 putantes
1378 1215 1494 1250 Patres
1510 1213 1683 1249 Missionis
1708 1215 1774 1250 ob-

363 1259 448 1296 stare
475 1262 586 1308 legem
612 1261 830 1301 Tridentini,
854 1272 930 1307 quae
955 1288 965 1301 ,
990 1261 1119 1297 sublata
1144 1272 1354 1310 quacumque
1383 1262 1485 1296 eiiam
1510 1260 1776 1298 immemorabili

362 1308 602 1347 consuetudine
625 1336 635 1349 ,
671 1309 722 1350 ius
748 1307 858 1344 afferit
890 1308 1143 1346 parochialibus
1177 1307 1335 1344 Ecclefiis
1370 1307 1548 1344 Sacrorum
1578 1308 1775 1344 solemniter

362 1355 564 1399 agendorum
575 1383 586 1396 ,
610 1357 641 1391 δι
652 1357 820 1403 populum
831 1357 936 1391 Sacro
951 1357 1090 1402 eloquio
1106 1382 1114 1394 ,
1142 1356 1208 1402 piis
1225 1355 1382 1402 precibus
1393 1382 1401 1394 ‚
1427 1354 1570 1400 aliisque
1599 1355 1722 1392 ritibus
1735 1355 1776 1391 ad

360 1411 524 1446 pietatem
542 1403 796 1450 pertinentibus
811 1430 820 1443 ,
844 1403 987 1438 docendi
1005 1430 1014 1442 ,
1029 1404 1060 1439 &
1076 1403 1252 1449 pascendi,
1276 1402 1437 1445 expedito
1448 1413 1566 1437 coram
1586 1402 1675 1438 A.C.
1692 1403 1777 1438 Mo-

361 1448 489 1484 nitorio
501 1451 740 1497 prohibuerunt
754 1449 907 1488 Patribus
919 1450 1159 1486 Dominicanis
1175 1478 1185 1491 ‚
1197 1462 1238 1485 ne
1254 1447 1487 1498 possessionem
1501 1448 1678 1486 servarent
1711 1461 1774 1485 ca·

363 1497 465 1531 nendi
482 1525 489 1535 .
514 1497 614 1532 Nihil
638 1498 785 1541 permoti
813 1497 1036 1536 Dominicani
1061 1498 1244 1547 incaeptum
1266 1496 1401 1534 cursum
1424 1505 1608 1530 tenuerunt
1629 1522 1639 1536 ³
1670 1497 1777 1532 donec

364 1542 481 1578 oblato
508 1544 526 1577 ὲ
552 1544 708 1579 Patribus
731 1543 907 1579 Missionis
935 1541 1068 1579 Libello
1093 1544 1326 1583 sacratissimo
1340 1542 1491 1590 Principi
1518 1542 1644 1582 Nostro
1660 1570 1668 1582 ,
1693 1546 1773 1579 data

364 1587 430 1623 fuit
445 1591 580 1632 hujusce
598 1593 644 1626 rei
658 1592 811 1637 cognitio
822 1590 1048 1637 Amplissimis
1061 1591 1223 1627 Patribus
1237 1617 1248 1631 ,
1270 1603 1288 1625 a
1305 1590 1429 1636 quibus
1456 1589 1588 1625 auditus
1601 1618 1611 1631 ,
1637 1600 1673 1625 ut
1700 1589 1775 1626 fieri

365 1635 470 1676 solet,
498 1638 676 1683 Episcopus
687 1638 878 1675 Culmensis
892 1664 902 1677 ,
927 1638 982 1673 hic
996 1639 1175 1674 secundum
1192 1638 1308 1674 Patres
1321 1637 1497 1674 Missionis
1510 1662 1520 1677 ,
1545 1637 1576 1671 &
1592 1638 1774 1676 Parochia-

364 1683 430 1717 lem
443 1683 622 1719 Ecclesiam
636 1686 800 1728 respondit
815 1712 823 1719 .
846 1685 1051 1732 Proponitur
1064 1698 1151 1722 nunc
1167 1687 1281 1732 itaque
1296 1684 1452 1722 Dubium
1464 1707 1474 1720 0
1733 1696 1736 1698 “

318 1731 377 1766 An
391 1730 491 1767 liceat
503 1732 658 1769 Patribus
667 1733 780 1768 Sancti
798 1733 975 1769 Dominici
999 1744 1119 1768 canere
1145 1734 1179 1768 in
1199 1734 1314 1768 diebus
1327 1730 1522 1769 Dominicis
1549 1731 1775 1779 Qadrageli-

367 1789 429 1813 inae
441 1778 630 1814 Passionem
645 1780 792 1815 Domini
812 1780 933 1816 Nostri
948 1781 1021 1821 Jesu
1034 1780 1183 1820 Christi,
1209 1780 1275 1815 five
1288 1780 1400 1826 potius
1410 1780 1443 1814 id
1457 1781 1634 1827 privative
1653 1780 1775 1827 spectet

364 1825 409 1875 ad
421 1825 602 1861 Ecclesiam
619 1826 853 1862 Parochialem
870 1827 1157 1875 Congregationis
1173 1827 1348 1867 Missionis
1363 1854 1374 1868 ,
1398 1827 1429 1862 δι
1448 1829 1482 1862 in
1498 1827 1579 1865 feria
1593 1837 1714 1877 quarta
1725 1826 1770 1865 ad

363 1872 470 1908 dictos
484 1873 600 1909 Patres
617 1873 863 1911 Dominicanos
878 1875 911 1913 in
920 1874 997 1912 casu
1009 1877 1075 1914 &c-

411 1969 586 2020 Negative
608 1973 647 2007 ad
665 1974 815 2022 primam
841 1985 997 2022 partem,
1018 1975 1219 2012 affirmative
1232 1979 1270 2012 ad
1281 1975 1464 2014 secundam
1479 2001 1489 2013 .

84 2142 281 2180 §eff-umu-
321 2105 391 2190 Β
410 2105 533 2142 URGI
559 2108 589 2144 S.
618 2108 848 2145 DONNINI
872 2110 1232 2148 EMPHYTEUSIS.
1257 2112 1333 2149 Post
1345 2114 1551 2148 contractam
1566 2122 1654 2148 anno
1676 2119 1772 2163 173}-

82 2182 115 2211 λε
129 2180 180 2219 refi

383 2199 389 2204 .
419 2154 703 2207 Emphytheuusim
714 2168 881 2203 quatuor,
904 2171 975 2204 quae
997 2160 1037 2198 ad
1050 2158 1129 2195 Padi
1149 2159 1254 2204 Ripas
1277 2160 1419 2198 sedent,
1444 2160 1640 2207 praediorum
1667 2158 1771 2194 sten-

365 2199 448 2234 lium
461 2225 472 2239 ‚
496 2202 526 2235 ὅτ
540 2203 669 2238 fluviali
679 2207 781 2239 arena
795 2206 996 2242 inteflorum
1012 2235 1021 2247 ,
1047 2207 1115 2253 post
1127 2208 1264 2253 longam
1285 2209 1456 2244 culturam
1477 2207 1695 2252 ingentesque
1709 2204 1771 2239 im-

366 2247 482 2298 pensas
497 2248 540 2281 ab
551 2251 774 2298 emphyteuta
791 2252 892 2288 saetas
909 2279 921 2293 ‚
945 2254 1014 2299 post
1027 2265 1199 2300 receptam
1220 2255 1422 2290 solutionem
1452 2254 1574 2298 [ωας.
1597 2251 1773 2288 Laudemii

365 2295 500 2346 titulo-,h
521 2295 589 2338 post
601 2297 820 2347 constitutum
835 2327 844 2339 ‚
863 2303 1082 2348 exactumque
1097 2314 1245 2337 annuum
1254 2304 1430 2338 Canonem
1446 2300 1500 2336 sc.i
1511 2312 1542 2342 5.
1557 2301 1676 2336 Abbas
1693 2298 1777 2349 Mo·

365 2340 500 2391 nasterii
513 2341 678 2394 S3Marizjc
693 2344 859 2395 §astionis
876 2348 1047 2384 Dominus
1060 2350 1200 2384 directus
1217 2350 1404 2385 locatorum
1422 2348 1594 2393 Agrorum
1608 2374 1618 2389 ‚
1643 2348 1674 2381 &
1711 2345 1774 2380 llle

365 2388 471 2427 idem,
492 2390 688 2440 qutihpraedia
709 2402 745 2441 iri
758 2395 1024 2439 emphytheusim
1052 2395 1279 2436 concesserat,
1304 2396 1411 2430 tactus
1440 2395 1604 2441 scrupulo
1627 2393 1773 2428 defeous

363 2435 570 2480 beneplaciti
588 2437 782 2483 Apostolici
808 2440 847 2473 de
859 2440 1026 2475 nullitate
1051 2445 1244 2478 contractus
1270 2441 1502 2485 interpellavit
1526 2441 1774 2477 Sacerdotem...

363 2480 498 2531 Petrum
511 2481 704 2519 Parentium
719 2511 730 2524 ,
751 2485 807 2531 qui
823 2498 862 2520 ea
875 2488 1083 2524 conduxerat
1094 2501 1153 2534 pro
1169 2490 1201 2524 se
1216 2515 1226 2528 ,
1249 2489 1399 2525 &tribus
1427 2488 1539 2523 fratris
1557 2487 1638 2524 filiis
1654 2487 1691 2523 ad
1705 2497 1778 2523 tei:-

363 2535 444 2579 tiam
457 2530 676 2581 masculinam
726 2534 986 2583 enerationem.
1015 2536 1122 2572 Gravi
1143 2539 1263 2572 damno
1277 2537 1408 2572 excitus
1437 2536 1682 2584 emphytheuta
1698 2532 1770 2581 post

364 2572 531 2626 judicium
543 2588 576 2611 in
587 2578 692 2630 Cui-ia
731 2579 1048 2628 piscopaliceptum
1063 2612 1071 2623 ,
1095 2593 1133 2619 ut
1150 2584 1180 2619 se
1195 2584 1302 2619 tutius
1317 2583 1510 2628 expediret,
1533 2583 1614 2620 adiit
1632 2582 1680 2618 Le
1705 2593 1774 2621 um,

362 2620 393 2654 ὅ(
407 2619 544 2660 Justitiae
561 2627 730 2660 vindicem
741 2628 1006 2664 sacratissimum
1019 2631 1214 2678 Principem
1227 2631 1430 2675 JNostrum,
1456 2631 1644 2678 oblatoque
1663 2629 1689 2666 li
1716 2627 1774 2663 el·-

364 2666 398 2702 10
411 2692 421 2706 ³
443 2679 509 2714 quo
521 2671 638 2705 cuncta
653 2674 834 2715 narrabat,
858 2676 1041 2721 postulavit
1054 2705 1065 2719 ‚
1087 2687 1125 2716 ut
1146 2678 1332 2715 contrauus
1351 2703 1361 2719 ‚
1386 2678 1442 2717 vfel
1467 2674 1768 2763 probaretur}vel

1693 2734 1772 2760 ana·
