1883 2907
410 122 520 206 §Sbus
546 159 690 196 infirmis
716 162 751 196 in
769 159 886 195 eodem
903 158 1078 206 Hospitali
1103 157 1393 205 independenter-a
1407 159 1531 205 quovis
1551 157 1705 195 Patocho
1719 159 1830 204 etiani·

412 238 434 253 ‚,
459 209 568 245 Sancti
597 207 808 243 sebastiani.²
834 207 1018 242 Tertium.
1043 206 1100 241 An
1124 207 1181 240 sub
1204 205 1323 241 eodem
1350 206 1487 242 indulto
1512 205 1824 252 comprehendendi

410 283 434 298 „
461 257 523 291 sint
545 255 704 294 ministri,
727 255 784 291 seu
797 254 982 290 servientes
997 279 1008 293 ,
1028 254 1061 290 ὅ(
1076 253 1212 289 familiae
1229 254 1307 288 dicti
1325 253 1515 297 Hospitalis
1528 253 1694 300 degentes
1710 263 1823 290 tamen

411 328 436 344 ‚,
464 304 555 338 intra
578 303 668 348 septa
683 301 832 346 ejusdem
846 299 1036 346 Hospitalis
1059 301 1091 336 ἃ
1109 299 1260 337 Ecclefiae
1292 312 1368 336 cum
1381 300 1499 335 eadem
1524 300 1822 346 independentiad

412 376 434 391 ,‚
458 351 600 386 Parochi
625 348 690 385 sive
717 348 948 386 parochorum
971 347 986 382 ‚²
1011 348 1203 396 Qartum.
1232 351 1287 385 An
1311 349 1556 383 concedendum
1581 347 1620 382 sit
1645 347 1818 384 indultum

413 424 435 438 „
461 397 712 433 administrandi
727 397 980 430 Sacramentum
1000 394 1212 431 Eucharistin:
1230 407 1303 441 ,pro
1317 393 1542 432 satisfactione
1562 396 1723 439 Praecepu'
1740 394 1822 430 Pas-

413 470 436 484 „
460 445 564 479 chalis
592 444 793 487 degentibus
808 468 817 481 ,
841 440 906 475 sive
922 438 1084 479 infirmis,
1112 440 1177 475 five
1190 454 1259 476 non
1274 443 1308 476 in
1321 442 1396 477 casu
1408 443 1507 481 &c.,‚
1540 441 1697 479 Variavit
1718 441 1754 476 in
1768 441 1823 479 his

412 494 547 527 Sacrum
562 490 731 524 Tribunal
758 515 767 528 ‚
793 499 872 523 nam
891 487 927 522 in
955 487 1231 534 Congregatione
1257 488 1324 524 diei
1353 499 1404 523 zo.
1421 489 1623 525 Novembris
1639 500 1737 531 1745.
1754 487 1822 523 res-

412 537 531 585 pondit
545 563 568 578 „
598 539 652 572 Ad
678 535 858 571 secundum
881 563 890 576 ‚
908 536 939 570 &
957 537 1099 570 tertium
1119 533 1327 570 affirmative
1341 537 1451 581 quoad
1462 537 1655 574 Sacerdotes
1668 535 1820 579 infirmos

413 612 436 626 ,‚
461 587 500 620 de
518 583 660 619 licentia
688 581 896 622 Parochi‚,.
924 583 974 618 At
1001 582 1035 618 in
1060 581 1332 629 Congregatione
1358 583 1422 616 diei
1438 586 1493 615 28.
1518 583 1605 618 Maii
1618 583 1822 631 respondit,

412 660 435 673 ,‚
463 633 521 666 Ad
538 631 716 666 secundum
732 657 741 670 ‚
769 629 908 665 tertium
926 655 935 669 ,
961 631 991 666 &
1009 639 1165 676 quartum
1183 631 1217 665 in
1232 628 1351 665 decisis
1370 632 1506 674 dempta
1531 630 1683 667 clausula
1711 630 1751 665 de
1776 630 1823 665 li-

412 706 435 720 „
460 679 573 714 centia
601 678 743 713 Parochi
758 704 780 717 ‚‚
794 696 833 702 —·
855 676 890 712 ln
906 677 967 711 hac
987 677 1091 723 igitur
1109 676 1345 723 rescriptorum
1359 675 1526 714 varietate
1542 679 1700 719 videant,
1713 675 1821 712 omni-

413 729 471 762 bus
488 724 657 773 perpensis
673 751 683 764 ‚
714 723 980 762 Eminentissimi
995 725 1111 761 Patres
1125 752 1133 762 .

366 781 423 810 An
446 773 490 816 fit
505 773 658 815 standum
681 774 713 808 in
730 776 866 821 primo,
895 772 954 807 vel
971 773 1116 815 secundo
1144 771 1216 808 loco
1231 771 1356 817 Deczfi's
1383 771 1493 820 quoad
1507 771 1688 816 secundum
1705 797 1717 814 ‚
1743 781 1822 810 ter-

413 824 496 857 tium
508 846 519 860 ,
546 824 588 857 (φ
602 829 763 868 quartum
783 820 931 857 Dubium
949 820 984 858 in
996 819 1070 862 cafiae
1084 823 1162 857 &e-

460 919 581 956 Dilata
595 945 605 955 .

129 1042 313 1111 {sym-⁶·
466 1055 657 1091 oMANA
694 1055 1028 1092 susssmloRUM
1061 1056 1359 1095 DOTALIUM=
1388 1056 1641 1098 Testamento,
1667 1067 1736 1104 quo
1758 1055 1815 1093 de-

152 1094 162 1109 ‘
203 1083 241 1121 es:
476 1102 574 1138 cessit
592 1102 784 1138 Maximilla
796 1102 983 1138 Bronconia
1009 1105 1133 1150 integri
1156 1104 1420 1143 Patrimoniisui
1442 1106 1635 1141 Canonicos
1658 1104 1814 1150 Congre-

411 1149 558 1197 gationis
573 1149 805 1185 Lateranensis
831 1150 957 1186 Sanctae
973 1150 1093 1187 Mariae
1111 1153 1151 1187 de
1165 1154 1251 1189 Pace
1276 1156 1310 1189 in
1328 1153 1421 1188 Urbe
1437 1152 1544 1188 nostra
1558 1151 1707 1188 haeredes
1721 1150 1817 1186 insti-

412 1198 503 1237 tuit,
528 1198 606 1231 dato
632 1209 733 1232 onere
754 1207 918 1243 perpetuo
936 1223 946 1236 ‚
969 1207 1005 1231 ut
1024 1198 1158 1244 singulis
1182 1201 1277 1236 annis
1301 1200 1358 1235 die
1383 1199 1432 1235 sui
1456 1201 1567 1235 obitus
1591 1198 1742 1234 Filiabus
1755 1208 1816 1231 na-

412 1244 481 1284 tis,
507 1245 539 1279 &
567 1243 746 1280 nascituris
778 1243 1156 1282 Laurentiissoccalarii
1181 1247 1349 1284 Patruelis
1376 1246 1425 1282 sui
1442 1247 1558 1282 dotem
1572 1247 1744 1282 scutorum
1757 1254 1814 1287 25.

412 1293 512 1336 juxta
532 1292 641 1326 aetatis
663 1292 820 1326 ordinem
845 1292 1082 1328 distribuerent
1098 1320 1107 1332 ‚
1133 1295 1304 1342 quousque
1321 1321 1330 1335 ,
1356 1294 1411 1329 vel
1433 1295 1472 1327 ad
1487 1294 1703 1340 Religios'um
1719 1317 1729 1331 ,
1756 1292 1816 1326 vel

414 1343 456 1374 ad
468 1337 764 1374 Matrimonialem
784 1337 902 1373 statum
927 1341 1076 1374 animum
1099 1342 1333 1386 appellarent3
1359 1340 1400 1376 iis
1421 1353 1506 1376 vero
1530 1341 1596 1376 sive
1619 1338 1785 1375 saecularis
1805 1364 1817 1379 ,

415 1384 482 1421 five
507 1385 692 1429 spiritualis
702 1385 880 1421 Connubii
896 1397 982 1422 nexu
998 1388 1186 1423 constriffitis
1198 1415 1208 1428 ‚
1235 1390 1323 1425 idem
1339 1389 1470 1423 Dotale
1486 1387 1664 1424 subsidium
1677 1384 1814 1438 praesta-

413 1433 446 1468 ri
464 1431 508 1467 ab
520 1432 709 1468 baeredibus
733 1434 849 1469 voluit
866 1433 966 1468 alteri
980 1434 1098 1478 puellae
1110 1447 1150 1470 ex
1167 1435 1429 1482 proximioribus
1444 1434 1502 1470 fibi
1518 1435 1703 1478 conjunctis
1717 1459 1728 1474 ‚
1742 1444 1815 1478 quae

412 1479 627 1515 monasticam
655 1489 784 1515 tantum
803 1481 917 1514 Vitam
931 1480 1074 1527 eligeret
1093 1509 1104 1523 ,
1128 1483 1268 1520 exclusis
1292 1483 1436 1527 expresse
1463 1483 1508 1517 ab
1528 1484 1592 1517 hoc
1607 1479 1814 1524 compendio

414 1527 564 1567 caeteris,
586 1527 707 1574 quibus
736 1528 824 1562 hunc
840 1527 960 1562 statum
982 1540 1049 1564 non
1063 1530 1221 1575 placeret
1243 1530 1423 1575 amplecti.
1449 1528 1659 1564 Laurentius
1682 1525 1816 1562 Bocca-

414 1574 519 1609 larius
535 1585 653 1620 proeter
667 1572 753 1609 filias
777 1584 844 1609 tres
859 1601 868 1614 ‚
892 1587 965 1621 quae
982 1575 1107 1611 dudum
1131 1577 1174 1612 ad
1197 1576 1356 1613 secularia
1383 1586 1461 1612 vota
1488 1575 1708 1614 transierunt,
1733 1573 1816 1607 reli-

412 1622 487 1666 quit
500 1619 610 1655 filium
625 1621 839 1656 Clementem
853 1649 862 1661 ‚
886 1634 904 1657 a
931 1635 998 1669 quo
1010 1632 1122 1658 ortum
1148 1625 1340 1660 habuerunt
1360 1622 1503 1659 Caecilia
1519 1648 1529 1661 ,
1551 1624 1582 1658 δι
1604 1620 1690 1657 Rosa
1709 1646 1717 1659 ,
1740 1631 1815 1666 quae

410 1668 532 1702 nedum
554 1669 753 1703 Parentibus
771 1695 781 1708 ‚
808 1667 861 1702 sed
888 1671 1045 1705 omnibus
1067 1670 1213 1707 fortunae
1237 1672 1336 1707 bonis
1360 1679 1538 1708 carerent;
1560 1669 1682 1704 Preces
1699 1669 1814 1713 itaque

412 1715 613 1751 obtulerunt
636 1716 780 1761 Optimo
804 1716 1100 1764 Sacratissimoque
1116 1719 1265 1760 Principi
1287 1718 1419 1756 nostro,
1449 1719 1570 1765 quibus
1585 1713 1812 1762 postulabant,

414 1770 452 1796 ut
468 1761 648 1797 subsidium
668 1763 781 1797 dotale
797 1761 838 1797 iis
862 1764 1028 1808 praestetur
1039 1791 1049 1804 ,
1070 1765 1173 1799 etiam
1185 1775 1222 1801 ut
1236 1765 1364 1800 nubere
1378 1765 1499 1809 possint
1511 1791 1520 1803 ‚
1546 1764 1680 1798 servato
1694 1761 1812 1794 eodem

415 1808 532 1843 ordine
556 1809 677 1843 indiClo
700 1808 815 1845 favore
832 1809 977 1845 filiarum
1002 1810 1201 1852 Laurentii,
1229 1814 1258 1848 &
1274 1812 1295 1847 si
1317 1812 1358 1848 de
1375 1812 1549 1854 intellectu
1571 1809 1815 1843 Testamenta-

415 1855 472 1889 riae
487 1855 718 1903 dispositionis
738 1857 848 1902 aliqua
870 1857 1042 1901 superesset
1066 1859 1224 1894 dubietas
1238 1884 1249 1899 ‚
1273 1860 1423 1905 suprema
1438 1856 1612 1893 Pontificis
1626 1854 1814 1903 authorita—

414 1912 451 1936 te
474 1914 609 1949 capaces
631 1904 868 1939 redderentur.
897 1905 991 1940 Data
1017 1905 1152 1946 hujusce
1175 1907 1224 1941 rei
1247 1907 1398 1951 cognitio
1422 1905 1485 1940 fuit
1509 1901 1723 1950 amplissimis
1744 1901 1814 1951 Pa-

416 1950 539 1990 tribus,
560 1950 761 1995 rogatusque
782 1950 847 1985 fuit
875 1952 913 1985 de
928 1952 1091 1986 sententia
1115 1953 1218 1987 animi
1248 1952 1599 1988 suiEminentissimus
1613 1948 1808 1983 Cardinalis

414 1996 520 2032 Urbis
546 2000 660 2031 nostra:
689 1995 867 2037 Vicarius,
888 1999 945 2043 qui
967 2010 1004 2032 ea
1025 2023 1036 2036 ‚
1060 2010 1124 2043 qua
1148 2000 1277 2045 praestat
1293 2027 1303 2039 ‚
1329 1998 1528 2045 prudentia,
1548 1995 1671 2030 auditis
1693 1993 1809 2028 Cano-
1853 2042 1856 2044 .

413 2043 501 2077 nicis
515 2042 742 2090 Regularibus
760 2043 1010 2079 Latheranensis
1030 2046 1317 2091 Congregationis
1332 2073 1341 2086 ‚
1366 2046 1505 2090 aliisque
1527 2042 1717 2090 puellarum
1729 2051 1814 2076 con-

413 2089 530 2130 iunssis
543 2117 552 2130 ,
580 2090 702 2136 quibus
717 2090 873 2125 interesse
897 2101 1054 2137 poterant
1068 2119 1077 2130 ‚
1099 2103 1171 2127 rem
1185 2103 1319 2127 omnem
1332 2092 1502 2139 eleganti,
1525 2088 1810 2133 disertissimaque

413 2136 550 2180 epistola
564 2145 698 2175 nai-rau
725 2137 804 2173 Hoc
819 2139 935 2184 itaque
957 2138 1153 2185 amplissimi
1167 2139 1358 2176 Cardinalis
1377 2139 1512 2181 Vicarii
1525 2139 1618 2172 Voto
1631 2136 1813 2187 perspetlim

415 2182 566 2228 responso
593 2184 761 2224 Abbatis‚
781 2186 813 2220 δι
839 2185 1087 2221 Canonicorum
1112 2185 1335 2232 Regularium
1357 2183 1653 2222 Lateranensium‚
1677 2193 1716 2217 ac
1744 2184 1785 2216 ns
1800 2208 1811 2222 ‚

413 2240 488 2273 quae
513 2241 531 2264 a
556 2230 705 2275 puellis,
733 2242 751 2264 a
775 2232 897 2278 quibus
921 2243 1054 2268 tantum
1079 2233 1233 2268 libellum
1263 2235 1465 2275 habuimus,
1485 2239 1745 2279 proponuntur,
1766 2230 1809 2263 ab

413 2275 694 2326 Eminentissimis
724 2278 878 2314 Patribus
901 2279 970 2314 duo
997 2281 1067 2314 haec
1091 2280 1323 2316 controvers-„ae
1349 2280 1482 2326 capita,
1506 2290 1578 2324 quae
1600 2277 1812 2323 sequuntur,
1836 2298 1839 2300 ·

414 2323 601 2357 dennienda
626 2322 703 2356 sunt
716 2346 725 2355 .
1248 2323 1252 2327 '

370 2374 394 2404 Ι,
422 2371 480 2404 An
501 2367 637 2403 subsidia
648 2371 775 2404 dotalia
796 2372 912 2407 relius,
934 2386 952 2407 a
975 2373 1176 2409 Maximilla
1197 2374 1365 2409 Bronconi
1380 2375 1564 2408 debeantur
1579 2370 1728 2406 Caeciliae
1743 2396 1754 2410 ‚
1777 2370 1811 2405 &

511 2415 613 2451 Rosae
638 2415 811 2452 Boccalari
837 2419 943 2454 etiam
969 2423 1007 2453 ad
1019 2420 1172 2454 effectum
1189 2420 1365 2459 nubendi,
1392 2419 1593 2466 singulisque
1611 2417 1814 2458 annis‚d0*

513 2475 574 2498 nec
593 2463 626 2498 in
643 2464 816 2505 Domino,
835 2466 889 2500 vel
913 2466 947 2500 in
963 2466 1084 2501 saeculo
1110 2467 1305 2511 nupserint,
1326 2471 1369 2504 &⁹
1384 2476 1551 2513 quatenus
1577 2465 1738 2512 negative
1753 2491 1761 2500 .

373 2512 414 2545 II.
439 2510 517 2548 An,
537 2511 567 2544 &
582 2512 748 2555 quomodo
769 2511 807 2546 sit
833 2512 1074 2548 consulendum
1093 2512 1304 2549 Sanctissimo
1328 2525 1390 2559 pro
1411 2513 1643 2561 applicatione
1664 2511 1813 2559 ipsorum

513 2556 730 2592 subsidiorum
752 2558 933 2594 Dotalium
955 2572 1070 2596 earum
1094 2560 1211 2597 favore
1234 2561 1270 2596 in
1283 2561 1358 2597 casu
1372 2563 1438 2597 &c.

390 2702 396 2706 ᾗ
464 2654 715 2704 Consulendum
740 2656 952 2694 Sanctissimo
976 2671 1036 2705 pro
1048 2660 1276 2706 applicatione
1298 2668 1445 2705 quatuor
1476 2658 1691 2696 subsidiorum
1715 2658 1811 2695 dota-

371 2702 453 2736 lium
472 2712 532 2748 pro
547 2700 695 2745 qualibet
718 2704 916 2742 oratricibus
931 2732 941 2746 ‚
971 2707 1077 2742 etiam
1099 2710 1139 2743 ad
1161 2705 1317 2743 effectum
1342 2707 1488 2744 nubendi
1515 2706 1550 2742 in
1570 2706 1809 2789 saecigtssssEN-
