1874 2961
363 154 369 160 r
1466 130 1486 154 2

107 170 166 202 bus
185 192 195 205 ‚
220 167 250 201 ἃ
264 165 323 202 has
337 163 426 199 inter
440 164 508 200 111ae
526 163 761 199 Immunitates·
775 189 783 203 ,
806 173 880 208 quae
905 161 1094 198 Ordinibus
1118 162 1397 200 Mendicantium
1421 132 1512 202 daug

101 218 266 254 ¹luerunt,
291 222 434 260 arguunt
450 211 605 247 Basiliam
621 211 784 246 immunes
805 208 869 245 esse
886 210 1004 245 debere
1023 213 1064 246 ab
1079 211 1177 252 hujus
1206 212 1300 246 saxa:
1313 225 1509 250 onerecum

100 260 255 297 Grancia
280 262 440 303 desc-clito
455 271 520 294 non
534 257 726 296 fltseculare
746 256 951 294 Beneficium
965 286 973 297 ,
1003 259 1055 295 sed
1086 258 1277 296 membrum
1303 259 1508 297 Monastcrii

100 308 145 343 de
161 309 289 345 l’atirio
305 335 314 348 ,
337 306 603 349 cujusMonazhi
624 304 884 350 hujusGranciae
901 305 1089 342 reddit1bus
1104 306 1258 342 aluntur.

61 356 364 401 Nec‘l'pectandum
378 353 443 388 effe
467 353 691 390 testimonium
715 353 861 390 viiissimi
889 353 989 389 unius
1006 354 1141 392 Testis,
1169 354 1228 400 qui
1247 353 1328 389 dicit
1353 356 1508 401 pluribus·

98 404 191 438 annis
206 403 341 440 Taxam
360 401 541 436 Seminarii
555 400 701 450 exegisse
714 427 723 441 ‚
752 410 823 436 tum
835 404 913 446 quia
931 427 940 439 ‚
965 413 1042 436 cum
1059 413 1143 437 unus
1158 400 1217 440 fit,
1244 401 1328 436 nihil
1359 402 1482 445 probat
1498 429 1509 445 ‚

97 459 170 485 tum
183 451 264 498 quia
279 477 288 490 ,
314 448 336 483 si
348 459 465 487 verum
480 460 652 488 narraret,
675 448 772 484 facile
788 452 878 496 quod
904 447 1027 488 refert,
1057 448 1194 495 probari
1212 447 1319 494 posset
1336 449 1435 485 libris
1446 452 1506 485 Se-

89 498 217 533 -minari
228 498 236 534 i
249 524 258 537 ,
280 507 352 533 tum
365 497 502 538 demum
515 499 595 543 quia
611 495 805 534 verefimile
821 508 887 530 non
902 495 940 533 fit
955 496 1181 532 Seminarium
1196 523 1205 537 ,
1233 507 1302 531 non
1329 497 1506 543 probata„

96 548 227 581 unione
240 545 394 582 secularis
412 542 570 579 Beneficii
590 572 599 584 ‚
620 545 758 591 exigere
772 543 911 589 potuisse
925 570 934 583 ‚
949 544 979 578 &
997 543 1018 577 si
1033 545 1223 579 Monachus
1242 542 1402 580 Granciae
1421 555 1507 590 pra:-

95 593 218 640 posttus
245 592 438 628 voluntario
460 591 631 632 solviffet,
656 591 780 627 factum
807 591 907 631 huius
942 591 1143 626 voluntariae
1169 589 1350 627 solutionis
1373 592 1506 628 nullum

97 640 304 677 Monasterio
323 640 567 677 detrimentum
591 640 718 675 inferre
746 636 890 686 potuiffe
907 651 918 678 3
938 637 1015 673 Post
1040 639 1109 675 haec
1132 639 1238 674 exacti
1267 639 1505 682 repetitionem

99 687 265 735 postulant
282 685 432 721 Baliliani
450 713 459 723 ,
479 696 557 720 cum
587 687 646 722 lite
662 687 844 732 pendente.
873 687 904 720 8<
924 685 1169 732 consequenter
1184 687 1274 721 mala
1290 685 1357 721 fide
1369 689 1506 722 exactio

96 737 182 772 fasta
198 733 316 771 fuerit.
343 733 492 768 Pertinet
509 733 616 779 igitur
630 734 672 769 ad
682 733 963 769 Eminentiffimos
980 733 1093 768 Patres
1105 745 1148 767 ex
1161 734 1231 773 his,
1257 745 1330 780 quae
1346 745 1363 768 a
1376 734 1507 770 Mona·

95 783 166 820 chis
179 790 310 816 tantum
330 790 592 828 proponuntur,
620 793 695 817 nam
723 782 794 823 jura
819 780 997 816 Seminarii
1024 781 1177 816 nondum
1200 781 1300 817 nobis
1319 781 1398 816 data
1423 780 1502 818 fue-

98 836 176 865 runt
189 855 199 868 ‚
222 827 291 863 duo
304 855 313 868 ,
342 839 415 874 qux
431 828 632 874 sequuntur,
653 829 757 864 dubia
769 827 911 865 definire
928 856 935 864 .

50 878 79 914 I.
106 883 237 923 Anper
252 876 432 912 Monachos
446 877 642 919 monasterii
659 883 693 913 5.
707 878 825 917 Maria:
842 878 879 912 de
895 878 1034 910 'Patirio
1049 876 1187 912 ordinis
1202 882 1237 911 S.
1246 874 1361 918 Basilii
1385 875 1505 911 debea—

143 933 201 958 tur
213 924 331 969 aliqua
345 931 431 959 taxa
450 926 638 973 Seminario
654 926 809 961 Mileten.
828 932 895 971 pro
919 925 1067 958 Grancia
1080 947 1091 962 ‚
1113 927 1157 960 Θ*
1186 922 1329 966 Ecclesia
1355 924 1503 962 scaliti,

140 971 175 1006 &
189 979 354 1016 quatenus
372 977 533 1015 negative
548 999 556 1006 .

48 1018 94 1054 Π.
106 1025 164 1054 An
178 1021 264 1054 idem
283 1020 508 1052 Seminarium
527 1027 687 1055 teneatur
702 1018 880 1061 restituere
896 1020 1030 1065 duc.27.
1043 1018 1232 1066 apraefatis
1247 1019 1423 1054 Monachis
1437 1029 1502 1053 an·

142 1078 182 1101 no
192 1067 374 1112 praeterito
389 1063 551 1100 exactiis!
1273 1074 1274 1078 ’

140 1157 264 1195 Dilata
278 1183 289 1193 .

308 1304 434 1370 Die
455 1303 735 1371 Sabbathi
759 1330 858 1392 29.
882 1303 1029 1394 Maii
1058 1327 1079 1369 1
1094 1325 1239 1387 745.

138 1482 209 1512 ⁸⁶ss

67 1484 179 1543 ΞΝ»
210 1481 322 1543 ζὲ“

60 1634 139 1709 pl·
179 1615 242 1685 ἓν
275 1636 316 1695 <⁶³⁴

62 1674 315 1737 afflatu}

344 1679 574 1718 UGUBINA
588 1708 597 1716 .
623 1681 762 1729 Species
785 1683 885 1724 huius
904 1680 1023 1716 Causae
1053 1680 1135 1716 data
1153 1679 1217 1717 fuit
1241 1682 1276 1717 in
1292 1680 1393 1716 Folio
1405 1680 1505 1717 Con-

357 1729 570 1776 gregationis
584 1728 707 1767 habitae
730 1733 782 1767 die
802 1737 838 1766 18
865 1728 946 1771 Julii
961 1728 1042 1764 anni
1065 1739 1159 1775 ¹7⁴4·
1178 1755 1187 1768 ,
1209 1731 1295 1775 quod
1327 1729 1361 1763 in
1393 1730 1505 1766 lucem

88 1773 271 1811 hominum
294 1777 420 1812 editum
436 1775 502 1812 fuit
516 1776 687 1814 Vol.XIIJ.
702 1780 794 1823 Theſs
810 1778 916 1823 Resol.
931 1782 965 1811 S.
981 1783 1334 1823 Congrzg.p.:g.149.;
1363 1775 1415 1811 sed
1429 1788 1506 1812 cum

87 1822 257 1866 placuerit
270 1835 307 1858 ea
324 1823 383 1859 die
397 1822 617 1870 Ampliffimis
628 1823 788 1862 Patribus
806 1822 1038 1859 definitionem
1052 1822 1188 1858 differre
1202 1849 1213 1863 ,
1236 1823 1349 1859 Causa
1377 1823 1506 1860 iterum

88 1868 167 1902 data
181 1869 244 1905 fuit
257 1871 290 1905 in
305 1870 404 1906 Folio
417 1871 705 1918 Congregationis
722 1873 791 1909 diei
808 1877 826 1907 8
843 1871 987 1917 August1
1003 1869 1149 1912 ejusdem
1166 1870 1247 1906 anni
1264 1897 1274 1910 ,
1291 1871 1322 1905 ἂ
1345 1870 1503 1906 Dubium

89 1915 299 1960 propositum
314 1917 379 1953 fuit
392 1935 423 1944 —-
450 1921 507 1954 An
520 1917 564 1953 ad
576 1918 796 1968 Praepositum
810 1918 979 1955 exclusive
1003 1917 1118 1965 quoad
1136 1916 1315 1953 vicarium
1344 1917 1504 1964 Capituli

92 1961 215 2007 fpectet
231 1964 404 2010 praefidere
417 1966 455 2001 in
468 1965 583 2001 choro
595 1993 605 2005 ,
628 1968 662 2002 &
676 1967 830 2003 ordinare
844 1978 882 2001 ea
897 1991 907 2005 ‚
930 1977 1006 2012 quae
1019 1973 1230 2001 concernunt
1245 1964 1419 2000 Divinum
1432 1967 1506 2000 cul-

91 2015 163 2059 „²¹¹¹”
175 2035 186 2049 ,
205 2011 318 2047 veluti
331 2011 488 2048 indicere
503 2013 678 2049 silentium
694 2042 702 2054 ‚
729 2014 967 2051 inobedientes
983 2012 1155 2058 corrigere
1170 2039 1180 2052 ‚
1194 2013 1280 2047 dare
1294 2010 1423 2059 fignum
1440 2023 1504 2060 pro

88 2055 234 2107 lngressu
247 2084 258 2098 ‚
282 2059 314 2093 &
328 2060 456 2105 egreffu
471 2087 482 2100 ,
507 2062 540 2095 8<
553 2060 637 2096 alias
652 2061 899 2098 Ecclefiasticas
929 2060 1134 2095 Functiones
1162 2060 1314 2106 regulare
1329 2084 1339 2099 ,
1370 2060 1429 2095 vel
1444 2071 1504 2106 po.

88 2108 157 2137 nus
184 2107 393 2150 exequendae
423 2107 486 2142 sint
511 2107 782 2144 Constitutiones
806 2108 1026 2154 capitulares
1054 2106 1091 2141 in
1106 2106 1273 2153 capitulo
1289 2117 1380 2141 nono
1398 2107 1431 2141 in
1447 2118 1506 2142 ca-

85 2148 126 2184 su
133 2149 201 2200 βιε.
231 2151 493 2199 Responderunt
518 2164 631 2189 autem
661 2155 919 2191 Eminentiffimi
944 2155 1062 2190 Patres
1085 2173 1123 2182 --
1152 2153 1372 2189 Affirmative
1388 2153 1504 2202 quoad

84 2206 230 2249 primam
245 2208 372 2245 partem
387 2201 477 2237 salva
493 2203 696 2237 aucloritate
709 2199 867 2248 Episcopi
884 2228 895 2242 ‚
921 2202 952 2237 &
967 2200 1126 2249 negative
1156 2201 1264 2247 quoad
1285 2201 1462 2236 secundam
1492 2215 1503 2234 =

84 2243 194 2295 Petiit
204 2246 404 2292 Capitulum
421 2250 642 2290 contrahanc
655 2249 893 2285 definitionem
908 2249 1020 2284 audiri
1037 2275 1046 2288 ‚
1072 2247 1304 2295 propositaque
1331 2249 1442 2284 Causa
1467 2250 1503 2284 in

83 2289 187 2326 folio
198 2291 484 2340 Congregationis
500 2296 623 2332 habitae
637 2297 697 2332 die
713 2308 742 2338 ς.
762 2296 968 2333 Decembris
982 2295 1183 2343 rescriptum
1214 2294 1280 2330 fuit
1301 2317 1333 2326 --
1354 2297 1477 2331 Dilata
1491 2321 1502 2336 ,

85 2346 126 2373 ut
137 2351 181 2375 ex
191 2341 308 2375 eodem
323 2343 494 2378 Vol.XIIJ.
512 2345 601 2387 Thes]
618 2345 725 2390 Resol.
740 2353 820 2392 pag.
832 2353 908 2390 197.
938 2344 1065 2379 lterum
1093 2355 1184 2379 nunc
1206 2343 1321 2389 itaque
1335 2341 1502 2391 proponi-

83 2392 142 2466 ¹tur
156 2395 234 2467 ‚dut
245 2387 368 2434 pofflnt
382 2389 589 2436 Ampliffimi
602 2391 722 2427 Patres
737 2417 748 2431 ‚
771 2391 879 2426 Foliis
906 2390 996 2427 hisce
1008 2392 1177 2428 ‘omnibus
1205 2390 1393 2439 perspectis
1406 2415 1417 2430 ‚
1446 2400 1503 2425 re-

99 2444 170 2480 pon
195 2444 272 2469 ere.

37 2480 312 2524 {Anfitstandum
326 2509 338 2524 ‚
363 2485 423 2521 vel
437 2486 655 2523 recedendum
673 2484 818 2529 adecifis
839 2488 875 2523 in
885 2487 961 2530 casn
978 2490 1055 2524 &c-

132 2573 255 2611 Dilssffi
266 2601 278 2618 ³
307 2577 341 2617 &
355 2588 567 2628 proponatur
583 2582 620 2619 in
636 2581 751 2629 prima
765 2580 871 2619 etiam
886 2579 986 2617 unica
999 2606 1008 2617 .

1363 2720 1503 2767 Juve-

1534 1668 1644 1708 Sesz4.
1662 1672 1740 1702 cmi

1535 1708 1571 1738 de
1583 1708 1637 1748 ref:
