1883 2907
381 106 451 174 {nii
475 134 583 168 forma
606 138 672 163 non
696 127 851 161 servata,
877 120 1083 159 defendunt5
1106 121 1136 155 δι
1151 116 1377 165 quamvisisti
1393 117 1560 154 Doctores
1582 115 1616 151 in
1630 124 1706 154 eam
1721 114 1799 150 sen·

384 182 520 218 tentiam
548 175 739 212 inclinent,
761 173 849 219 quod
875 167 998 204 vitium
1019 167 1304 204 clandestinitatis
1327 164 1425 199 nulla
1450 176 1515 200 non
1539 163 1657 201 reddat
1681 163 1797 199 matri·

380 228 491 264 monia
517 226 549 260 in
579 223 684 259 locis,
707 218 764 255 ubi
788 218 914 252 dietum
933 214 1136 250 Concilium
1163 214 1372 260 publicatum
1400 223 1468 247 non
1491 212 1581 252 suit,
1601 222 1712 247 tamen
1734 220 1797 258 pro

380 273 551 310 manifesta
573 269 733 305 nullitate
756 263 962 300 contendunt
990 263 1025 297 in
1053 263 1126 296 aliis
1152 289 1160 301 ,
1185 262 1241 296 ubi
1271 259 1463 305 publicatio
1489 257 1553 292 suit
1576 261 1731 304 peraeta,
1755 266 1796 293 ut

380 323 492 358 videre
517 320 561 354 est
581 317 613 352 in
626 314 717 350 dieto
729 312 839 348 Picler
862 311 935 344 loco
956 309 1051 344 citat.
1072 321 1107 342 n.
1123 313 1177 354 58.
1195 310 1224 349 ξ.
1250 306 1422 352 Respondi
1448 314 1585 344 autem.
1610 306 1642 341 δι
1666 318 1699 342 n.
1714 305 1795 347 458.

381 370 505 405 Praeter
527 367 648 400 horum
664 373 698 396 tn
719 360 751 394 sc
767 356 1018 393 contrariorum
1033 356 1225 391 DoCtorum
1237 356 1418 400 opiniones
1445 351 1667 387 inveniuntur
1687 353 1793 388 etiam

379 427 445 451 tres
469 415 574 449 Sacrae
589 404 873 454 Congregationis
897 401 1138 437 Resolutiones
1175 410 1293 437 contra
1319 401 1532 436 validitatem
1556 399 1794 435 matrimonio-

380 474 450 498 rum
469 462 585 494 editae:
607 455 715 490 Prima
730 451 872 486 refertur
897 461 915 484 a
939 449 1025 484 dicto
1039 449 1150 485 Picler
1176 450 1240 484 loc.
1267 448 1364 483 citat.
1388 459 1423 481 n.
1438 458 1468 487 s.
1489 447 1519 481 &
1544 447 1615 482 haec
1634 446 1710 482 data
1725 445 1795 482 fuit

378 510 429 544 die
442 520 492 544 10.
512 504 604 547 Junii
620 509 717 540 1605.
738 497 875 535 Nuncio
888 495 1088 542 Apostolico
1105 496 1139 531 in
1166 495 1287 542 Belgio
1305 494 1546 530 commoranti:
1568 494 1713 532 secunda
1739 503 1792 528 re-

380 556 481 591 fertur
496 564 551 599 per
566 552 600 586 la
613 547 719 583 Croix
736 548 774 580 ad
800 544 995 579 Busembau.
1013 544 1048 578 in
1065 544 1121 578 lib.
1139 549 1176 578 6.
1196 554 1263 588 par.
1281 553 1308 582 3.
1330 544 1369 576 de
1386 543 1536 576 matrim.
1561 553 1596 577 n.
1608 546 1685 582 768.
1711 551 1792 588 pag.

377 603 458 638 mihi
478 611 553 643 50²·
566 623 577 636 ,
595 595 730 643 quidam
744 592 836 627 enim
851 591 992 632 Joannes
1009 590 1193 638 Episcopus
1208 587 1432 626 Castoriensts
1445 588 1609 624 Vicarius
1630 599 1689 633 per
1703 588 1795 622 Hol-

378 650 524 685 landiam
549 642 751 681 constitutus
776 638 982 685 supplicavit
1005 651 1097 674 anno
1123 646 1225 685 ¹67¹-
1250 637 1358 673 sacra:
1383 634 1653 682 congregationi
1679 633 1793 670 Sancti

377 696 518 734 Officii,
541 703 578 727 ut
597 688 806 733 responderet
834 687 932 730 super
954 684 1126 731 proposito
1141 684 1255 724 Casu,
1277 695 1380 730 quem
1403 683 1471 729 ipse
1494 693 1556 727 pro
1579 681 1796 718 validitated

375 739 581 778 matrimonii
603 735 836 780 resolvendum
855 734 1017 779 putabat,
1041 733 1072 767 ὅ(
1097 741 1208 766 tamen
1222 730 1417 778 responsum
1445 729 1602 776 accepit,
1628 739 1696 764 non
1715 739 1796 763 con-

374 790 512 827 venire,
531 796 569 822 ut
584 782 721 832 quaestio
742 781 803 816 illa
822 793 840 815 a
864 781 894 814 S.
908 779 1033 815 Officio
1044 778 1246 819 definiatur,
1270 790 1388 814 verum
1401 776 1561 812 statueret
1583 776 1654 822 ipse
1669 802 1680 816 .
1701 774 1794 821 quod

375 837 562 871 animarum
584 832 639 867 sibi
668 828 879 866 creditarum
906 827 1004 862 saluti
1028 826 1181 862 crederet
1209 826 1315 873 magis
1346 825 1506 871 expedire
1522 842 1555 850 --
1580 823 1709 859 Tertia
1720 833 1796 869 quae

374 883 520 918 refertur
542 892 600 926 per
624 876 829 912 Reinsestuel
850 876 888 911 ad
911 874 1034 908 dictum
1055 873 1117 908 lib.
1139 883 1173 913 4.
1204 873 1381 908 Decretal.
1403 871 1446 906 tit
1476 881 1505 911 ς.
1538 881 1722 916 num-141.
1746 866 1796 905 est

373 931 464 966 casus
479 930 511 964 in
528 925 767 964 Ruremonden
795 921 1014 957 Matrimonii
1028 930 1061 955 2.
1074 919 1162 956 Maii
1180 921 1277 960 1676.
1307 920 1341 953 in
1367 931 1433 964 qua
1449 918 1547 954 Sacra
1563 915 1794 964 Congregatio

372 976 522 1014 Concilii
535 971 708 1019 respondit
723 990 760 995 --
788 969 931 1004 Censuit
946 969 1068 1003 dictum
1084 966 1337 1003 matrimonium
1364 965 1456 1001 fuiffe
1470 965 1605 1001 nullum
1616 993 1625 1002 ,

327 1026 394 1063 His
408 1024 594 1060 rationibus
610 1030 668 1065 pro
683 1018 843 1064 negativa
856 1014 1047 1052 validitatis
1062 1015 1274 1051 matrimonii
1297 1012 1370 1049 addi
1397 1012 1499 1048 debet
1525 1013 1628 1048 etiam
1640 1009 1791 1060 quaedam

371 1068 624 1107 circumstantia
643 1066 720 1100 faffl
737 1091 748 1105 ,
766 1076 839 1109 quae
854 1061 900 1098 est
913 1089 923 1102 ‚
946 1062 1034 1108 quod
1049 1061 1197 1098 Genevae
1212 1060 1434 1098 matrimonia
1456 1059 1723 1098 contrahantur,
1751 1065 1791 1092 ut

371 1126 527 1156 narratur
540 1143 551 1157 ‚
575 1112 723 1158 sublege
736 1109 1004 1147 dissolubilitatis
1017 1135 1027 1148 ‚
1051 1108 1186 1155 quando
1207 1109 1327 1146 mulier
1351 1107 1556 1144 adulterium
1574 1106 1761 1146 committit
1775 1130 1786 1144 ‚

369 1168 458 1201 unde
483 1175 559 1199 cum
586 1162 657 1196 haec
684 1160 836 1195 conditio
869 1156 1142 1192 diffolubilitatis
1179 1156 1373 1193 adversetur
1398 1163 1528 1190 natura:
1551 1152 1788 1191 matrimonii,

369 1213 458 1258 quod
470 1210 533 1246 effe
561 1210 659 1244 debet
684 1215 882 1254 perpetuum
898 1231 907 1243 ‚
929 1208 976 1239 ita
1000 1203 1219 1240 matrimonia
1240 1201 1427 1246 hujusmodi
1448 1202 1599 1236 cum'his
1625 1198 1788 1238 resolubi—

369 1260 460 1295 libus
475 1255 729 1293 conditionibus
743 1253 826 1290 inita
844 1252 1144 1288 irritanturomnia
1157 1277 1168 1291 ‚
1191 1262 1229 1287 ac
1250 1250 1345 1286 nulla
1358 1249 1571 1285 declarantur
1593 1260 1651 1296 per
1678 1247 1787 1282 Text.

370 1306 406 1342 in
427 1317 503 1352 cap.
523 1303 583 1342 fin.
604 1303 644 1337 de
659 1303 783 1338 condit.
816 1298 929 1348 appos.
1189 1319 1205 1333 ο

323 1353 538 1390 Potissimum
556 1362 634 1388 cum
651 1351 757 1396 prima
779 1359 864 1385 uxor
887 1347 923 1384 in
937 1347 1101 1383 adulteria
1116 1348 1183 1390 jam
1205 1343 1387 1385 inciderit,
1409 1345 1499 1382 unde
1522 1352 1586 1379 nec
1614 1341 1785 1380 rationo

366 1400 558 1437 contractus
571 1398 637 1433 Vir
652 1406 830 1432 teneretur
849 1396 934 1432 stare
946 1396 1033 1432 dicto
1055 1395 1273 1431 matrimonio
1284 1392 1429 1429 nulliter
1449 1402 1530 1427 cum
1545 1389 1635 1426 dicta
1649 1388 1787 1424 dissolu-

366 1446 514 1483 bilitatis
532 1447 609 1493 lege
624 1446 816 1481 contraCto:
839 1443 877 1478 ln
891 1444 942 1479 his
956 1443 1059 1488 igitur
1069 1441 1272 1478 ansrafflbus
1283 1439 1445 1485 quaeritur
1461 1464 1471 1478 ,
1498 1437 1579 1484 quid
1600 1436 1786 1484 agendum3

370 1493 456 1530 Haec
471 1493 629 1529 Nuncius
645 1505 652 1525 ε
677 1504 737 1527 nos
755 1491 842 1527 nihil
855 1490 1004 1526 addimus
1018 1517 1029 1531 .
1051 1501 1129 1527 cum
1145 1491 1215 1525 haec
1228 1486 1362 1536 quaestio
1378 1483 1660 1520 Eminentissimis
1677 1482 1786 1518 Patri-

369 1541 430 1577 bus
443 1542 547 1587 probe
559 1540 597 1575 fit
611 1540 774 1587 perspecta
794 1551 835 1575 ex
848 1538 951 1579 aliis,
976 1537 1034 1585 qui
1060 1547 1269 1577 evenerunt,
1294 1533 1424 1570 casibus
1444 1560 1452 1568 .
1479 1531 1626 1567 Videant
1643 1531 1758 1575 itaque
1777 1557 1785 1565 .

324 1595 383 1624 An
408 1588 530 1631 constet
557 1590 596 1624 de
623 1589 860 1636 impedimento
883 1589 1127 1625 Matrimonii,
1149 1589 1192 1622 (φ
1218 1584 1378 1632 quomodo
1411 1579 1456 1623 fit
1481 1577 1727 1625 rffc'ribbmz'um
1751 1578 1787 1613 in

338 1668 341 1670 ,
370 1637 445 1681 casu
469 1640 545 1673 &c-

416 1732 589 1769 scribatur
603 1731 640 1768 N
644 1733 742 1770 uncio
754 1732 961 1781 Apostolico
974 1732 1069 1776 iuxta
1090 1741 1236 1768 mentem
1247 1756 1257 1767 .

513 1870 634 1938 Die
674 1871 954 1941 Sabbathi
995 1875 1052 1939 6.
1096 1866 1349 1955 Augusti
1389 1889 1410 1932 1
1425 1867 1568 1947 746.

592 2221 600 2251 '‘
643 2242 890 2295 QJitEJEN.
915 2241 1243 2281 susPENsmms
1268 2244 1303 2279 A
1326 2233 1541 2286 D1v1NIs=
1566 2232 1606 2267 in
1623 2229 1775 2282 nimina.e

569 2337 593 2342 ..
651 2290 846 2342 amplissimi
870 2293 1007 2328 Ordinis
1030 2292 1310 2339 Congregatione
1332 2286 1451 2322 habita
1476 2282 1530 2320 dle
1552 2292 1585 2325 9.
1614 2277 1774 2315 transaffl

366 2335 485 2372 mensis
508 2335 592 2378 Juln
605 2335 838 2393 rescripserunt
858 2339 1117 2375 Eminentissimi
1128 2339 1244 2376 Patres
1265 2337 1300 2371 in
1315 2336 1376 2369 hac
1386 2332 1485 2387 causa
1502 2347 1545 2355 --
1567 2328 1690 2380 Pilata
1703 2350 1714 2364 ‚
1734 2329 1779 2362 (α’

360 2392 575 2477 ξέἕρυἔέἑιέἕιεν
587 2396 732 2476 xxxo
757 2398 792 2421 tn
814 2389 934 2421 Prima
950 2388 1055 2423 etiam
1078 2390 1179 2422 unica
1191 2390 1451 2430 --proponitur
1467 2387 1556 2413 nunc
1578 2383 1695 2422 itaque
1711 2397 1721 2412 ³
1738 2378 1776 2407 ut

321 2482 378 2513 An
390 2477 434 2520 sit
449 2477 606 2519 standum
623 2503 634 2517 ,
660 2477 720 2514 vel
733 2480 948 2516 recedendum
972 2490 992 2513 a
1010 2477 1124 2527 dectfis
1148 2479 1184 2515 in
1195 2477 1362 2523 cafic›&c.

416 2573 456 2608 In
479 2573 622 2615 decisis,
649 2575 682 2611 &
703 2576 848 2624 amplius
864 2601 873 2611 .

1663 2703 1684 2738 S
1689 2700 1781 2738 AN-
