1883 2907
350 128 399 159 24

359 165 532 201 modium,
560 162 590 196 &
610 154 770 196 Castrum
795 153 1026 204 fluatquida'm
1042 155 1190 194 fluvius,
1216 150 1410 191 cuinom‘en
1438 150 1656 190 Menaechia,
1683 149 1837 190 accidit,

358 222 395 248 ut
410 210 537 246 Coloni
553 219 624 243 non
643 208 742 249 huius
765 215 898 240 tantum
925 203 1110 239 Latifundii
1129 228 1138 242 ,
1163 202 1215 238 sed
1230 201 1377 237 aliorum
1389 201 1494 236 etiam
1508 200 1698 236 vicinorum
1713 224 1722 238 ,
1750 198 1838 244 hye-

357 258 439 292 mali
463 266 610 302 temporc
626 280 636 294 ,
660 254 801 299 aliisque
815 252 892 287 anni
911 250 1163 297 tempestatibus
1178 276 1187 290 ,
1214 249 1338 296 quibus
1360 249 1490 297 pluviae
1519 247 1709 293 ingruunt,
1735 256 1837 280 non..

358 304 479 351 possint
500 302 624 338 fluvius
651 302 700 336 lar
727 300 753 335 is
781 298 945 334 imbribus
968 301 1100 333 auctum
1121 296 1283 345 superare
1298 323 1308 336 ‚
1335 307 1371 331 ut
1387 299 1426 331 ad
1452 294 1659 330 audiendum
1678 291 1809 344 sacrum
1824 316 1838 332 ,

359 351 494 397 aliaque
512 349 645 386 Divina
661 313 783 384 Officia
801 346 836 380 in
860 345 1002 380 Ecclesia
1025 344 1215 379 Parochiali
1233 343 1342 378 Castri
1370 342 1545 390 Apignani
1561 340 1738 391 praesentes
1750 340 1812 391 lint
1825 365 1837 374 .

358 398 454 433 Huic
476 399 567 433 malo
583 406 620 432 ut
646 394 850 432 medicinam
877 399 1008 438 pararet
1026 391 1104 426 Pius
1127 390 1310 426 Puccettus
1326 416 1336 429 ‚
1363 392 1475 427 voluit
1495 392 1529 426 in
1561 389 1619 424 suo
1636 387 1838 422 Latiiundio

359 445 528 491 publicam
553 443 716 480 aedificare
734 438 913 475 Ecclesiam
928 465 939 478 ‚
965 439 999 472 in
1014 450 1081 484 qua
1106 437 1344 483 Cappellanus
1360 448 1444 472 onus
1469 438 1609 473 haberet
1631 435 1759 470 sacrum
1773 433 1835 485 sin·

359 493 446 537 gulis
463 493 581 528 diebus
595 490 711 536 agendi
727 514 736 526 ,
761 490 792 521 S<
822 496 864 520 ne
892 485 986 529 pueri
1005 484 1206 519 fraudentur
1235 483 1343 518 fructu
1367 484 1567 520 Christiana:
1592 481 1810 517 Cathcchehs
1827 507 1838 520 ,

360 548 534 575 teneretur
546 549 620 573 eam
643 536 757 570 diebus
774 531 864 568 festis
883 534 1001 568 docere
1017 560 1024 568 .
1055 531 1201 566 Veniam
1221 529 1336 575 itaque
1360 533 1532 577 publicam
1552 534 1640 567 hanc
1655 528 1838 564 Ecclefiam

360 585 543 622 aedificandi
572 584 671 631 petiit
688 583 729 616 ab
748 580 911 627 Episcopo
926 581 1124 614 Auximano
1138 604 1147 617 ‚
1173 577 1230 624 qui
1245 577 1358 612 noluit
1380 580 1589 616 concedere;
1620 576 1776 622 confugit
1795 577 1837 611 ad

359 633 422 668 hoc
445 634 572 669 sacrum
599 629 761 665 Tribunal
777 639 794 661 a
815 638 904 672 quo,
930 626 1049 662 utfieri
1077 627 1154 661 solet
1172 653 1180 667 ‚
1207 625 1337 660 auditus
1350 625 1416 661 suit
1431 625 1615 672 Episcopus
1637 648 1648 659 .
1673 624 1838 670 Respon-

359 680 414 714 dit
439 689 573 716 narrata
592 689 610 712 a
634 678 797 714 Puccetto
814 674 942 710 nullius
958 672 1021 709 esse
1035 674 1196 709 momenti
1218 688 1228 716 ;
1255 672 1334 707 hinc
1353 673 1559 720 Amplissimi
1573 673 1686 707 Patres
1705 671 1763 706 die
1779 681 1836 718 ²7·

362 729 505 773 Augusti
521 727 598 761 anni
621 728 718 765 1746.
735 722 885 759 Puccetti
913 721 1181 768 postulationem
1204 719 1412 761 rejecerunt.
1440 720 1529 755 Cum
1543 729 1655 756 autem
1670 729 1710 752 ea
1726 744 1736 757 ,
1761 731 1835 765 quae

360 785 538 810 narramur
566 785 584 807 a
611 774 771 808 Puccetto
790 796 800 809 ‚
826 768 1122 804 testificationibus
1147 768 1294 814 plurium
1321 768 1477 803 Testium
1498 768 1715 804 Colonorum
1741 791 1752 805 ,
1776 767 1836 812 qui

359 821 555 857 Latifundia
570 821 628 855 illa
646 819 831 855 accolunt,
855 817 1117 862 comprobentur
1132 843 1140 855 ‚
1167 816 1197 851 &
1223 815 1336 851 charta
1354 814 1620 862 Topographica
1641 840 1651 853 ,
1678 813 1836 849 Dubium

361 879 450 903 nunc
472 870 514 902 ab
538 867 657 903 eodem
680 865 847 901 Puccetto
870 863 1292 899 Eminentiflimil’atribus
1316 864 1518 910 proponitur
1547 860 1810 897 definiendum-³
1826 886 1837 900 ,

364 914 575 962 postulatque
596 925 657 960 pro
679 913 844 948 facultate
861 911 1047 946 :edificandi
1073 909 1253 947 Eccleliam
1269 911 1465 957 responderi
1483 935 1493 946 .

317 965 427 1008 Urget
447 964 536 998 enim
562 961 650 997 nulli
681 959 744 995 esse
769 958 953 1006 negandam
978 957 1180 994 facultatem
1208 957 1397 994 aedificandi
1420 970 1544 994 novam
1571 957 1755 992 Ecclesiam
1776 981 1786 995 ‚
1811 955 1836 990 fi

364 1009 524 1058 Episcopi
548 1008 723 1045 consensus
749 1006 908 1045 accedat,
934 1007 964 1040 &
989 1005 1010 1039 si
1035 1017 1126 1042 nova
1146 1006 1290 1053 antiquae
1317 1005 1472 1041 Ecclesiae
1496 1006 1740 1041 detrimentum
1767 1014 1836 1038 non

364 1057 515 1099 inferat,
540 1065 577 1091 ut
601 1054 646 1090 est
668 1058 703 1090 in
728 1067 799 1089 can.
823 1066 916 1090 nemo
943 1066 1015 1088 can.
1045 1055 1188 1088 Plan-sic
1212 1063 1250 1091 cte
1270 1056 1454 1096 consecrat.
1477 1054 1620 1094 distinct.
1639 1064 1669 1087 t.
1690 1053 1836 1100 cap-Ad

363 1106 480 1140 lma-de
506 1105 664 1152 Religiofi
682 1100 837 1139 Domib„
864 1101 895 1135 δι
917 1100 992 1146 jure
1007 1100 1109 1135 etiam
1124 1101 1221 1136 civili
1235 1100 1452 1137 constitutum
1476 1099 1520 1135 est
1539 1102 1572 1134 in
1590 1102 1703 1136 ,Autb-
1717 1105 1755 1136 de
1770 1105 1833 1134 Ec-

364 1150 470 1194 clefiis
495 1151 530 1197 ᾧ.
557 1154 593 1186 Si
639 1153 692 1185 uis
707 1157 820 1184 autem
841 1173 851 1186 ‚
878 1150 998 1184 collat.
1011 1160 1039 1190 9·
1058 1173 1067 1186 ,
1093 1153 1135 1185 (φ
1154 1152 1188 1184 in
1202 1150 1312 1184 αἰπὺ.
1336 1152 1375 1185 de
1390 1149 1606 1188 lt10n.÷chis§.
1620 1149 1710 1183 Jllxd
1722 1150 1835 1192 igitur

363 1199 480 1234 collat.
498 1161 638 1245 Qodiq'i
665 1194 852 1242 Episcopus
879 1195 973 1229 nulla
995 1196 1127 1230 ratione
1143 1196 1279 1231 veniam
1304 1195 1389 1232 hanc
1412 1205 1533 1242 negem
1559 1195 1730 1240 appellari
1747 1191 1835 1237 poste

363 1246 404 1279 ad
430 1244 600 1285 judicem,
626 1245 684 1289 qui
703 1242 759 1276 vel
773 1241 957 1277 aedificandi
982 1242 1181 1279 facultatem
1198 1242 1320 1282 dabit,
1347 1244 1402 1278 vel
1417 1242 1614 1288 Episcopum
1627 1240 1832 1289 compellet,

363 1301 400 1327 ut
423 1291 556 1338 praestet
583 1288 806 1325 aedificationi
832 1287 1023 1324 consensum
1040 1290 1182 1332 Barbosa
1196 1293 1234 1327 de
1251 1294 1334 1334 ἤην.
1362 1293 1485 1334 Eccles}
1501 1292 1564 1325 lit).
1594 1299 1628 1323 2.
1647 1303 1717 1338 cap.
1746 1297 1778 1321 2.
1794 1289 1834 1324 de

364 1340 489 1382 Ecclefi
509 1338 620 1380 aedific.
643 1337 701 1380 [ab
719 1349 807 1371 num.
836 1350 867 1376 5·
882 1338 1052 1382 Ventrigl.
1071 1339 1105 1372 in
1124 1340 1240 1372 Praxi
1259 1340 1328 1374 vol.
1356 1348 1386 1373 2.
1406 1346 1517 1374 annot.
1539 1346 1593 1382 17.
1610 1336 1673 1380 sub
1694 1347 1782 1373 num·
1802 1345 1831 1374 3.

365 1387 450 1421 clar.
467 1399 528 1422 me.
545 1387 639 1421 card.
656 1390 764 1420 Ῥεῖν-,τ
782 1384 850 1419 vol.
866 1395 878 1417 1
905 1387 947 1419 ad
971 1383 1100 1424 Constit.
1121 1384 1296 1428 Pascbalis
1318 1387 1453 1429 ιι.]ἶνέῖ.
1478 1397 1508 1420 1.
1520 1397 1606 1419 num.
1623 1385 1736 1428 lifol.
1756 1389 1832 1423 383.

364 1432 494 1468 nullam
519 1444 605 1467 vero
622 1430 738 1475 justam
764 1433 895 1465 caulam
919 1433 959 1466 ab
983 1430 1148 1478 Episcopo
1173 1432 1314 1477 proponi
1333 1432 1488 1478 responso
1512 1430 1576 1467 illo
1603 1430 1661 1465 suo
1687 1440 1832 1467 narrata

364 1481 494 1516 nullius
519 1480 577 1525 effe
602 1481 786 1516 momenti,
810 1489 884 1512 nam
902 1505 912 1518 ‚
936 1489 1010 1525 quae
1025 1478 1101 1513 fatti
1129 1478 1227 1518 sunt,
1251 1478 1389 1514 testibus
1413 1481 1600 1524 probantur
1622 1503 1632 1517 ,
1657 1477 1834 1524 aliisquea

363 1526 468 1560 etiam
485 1524 747 1569 probationibus
765 1536 845 1560 vera
860 1524 1072 1560 demonstrari
1089 1525 1218 1570 possunt
1233 1550 1244 1564 ‚
1270 1526 1416 1572 ideoque
1442 1537 1511 1561 rem
1524 1535 1656 1561 omnem
1671 1525 1835 1560 deducen-

363 1572 440 1608 dam
455 1572 517 1607 esse
533 1573 575 1608 ad
599 1573 838 1608 detrimentum
853 1573 977 1608 veteris
997 1570 1153 1608 Eccleiiae
1168 1600 1178 1614 ,
1204 1572 1260 1607 seu
1273 1573 1478 1608 Parochialis
1501 1571 1613 1608 Castri
1636 1571 1832 1618 Apignani;

364 1620 564 1655 detrimenta
588 1620 657 1656 haec
684 1628 840 1654 numerat
866 1621 1063 1665 Ventriglia
1086 1622 1173 1656 α’ἰὲῗο
1198 1621 1258 1655 ‘vol
1272 1631 1301 1656 2.
1319 1632 1433 1657 annot.
1455 1630 1508 1667 17.
1529 1631 1617 1656 num.
1632 1630 1666 1659 4.
1691 1630 1832 1664 quorum

362 1667 495 1701 nullum
512 1679 544 1701 in
565 1667 639 1702 casu
665 1667 774 1701 nostro
790 1667 904 1702 locum
917 1666 1038 1701 habeat
1057 1693 1065 1701 .
1091 1666 1191 1702 Plura
1211 1667 1277 1701 alia
1291 1678 1387 1713 urget
1403 1667 1578 1704 Puccettus
1591 1692 1602 1705 ,
1627 1678 1698 1713 ‘luae
1715 1666 1832 1702 Patres

364 1714 570 1760 Ampliflimi
587 1715 622 1748 in
649 1714 772 1748 libello
799 1713 916 1759 legere
938 1722 1125 1759 poterunt3
1150 1725 1288 1758 nequea
1311 1714 1466 1750 Parocho
1489 1713 1597 1750 Castri
1626 1713 1805 1760 Apignani
1820 1740 1832 1754 ,

365 1772 475 1807 neque
489 1764 726 1843 aDPIquOtoi’ce
753 1760 876 1795 Fiscali
895 1759 1007 1795 Curiae
1032 1759 1240 1809 Episcopalis
1256 1762 1463 1798 Auximanae
1477 1789 1488 1802 ‚
1513 1762 1696 1809 quidquam
1706 1760 1833 1796 habui-

365 1819 435 1843 mus
458 1821 467 1841 ε
535 1820 556 1843 u
584 1819 649 1843 ium
673 1820 690 1842 e
731 1831 741 1841 .
943 1820 944 1825 ¹

318 1861 378 1892 An
396 1855 441 1898 stt
457 1858 689 1903 permittenda
706 1853 908 1895 offidtficatio
938 1868 1030 1892 novae
1052 1856 1199 1900 Ecclesia>
1220 1858 1255 1893 in
1281 1860 1355 1903 cafit
1382 1862 1456 1895 &c-

60 1951 135 1997 Seff.
147 1960 289 1997 24.c.5:·
405 1950 657 1987 RACAREN.
687 1949 1085 1989 DISPENSATIONIS
1107 1946 1433 1989 MATRIMONII
1457 1965 1466 1986 τ
1492 1952 1542 1989 Ex
1568 1954 1670 1998 longa
1689 1951 1830 1997 triginta

57 2002 95 2036 de
109 1999 168 2042 ref.
182 2004 288 2034 Matr.

416 2010 578 2033 annorum
597 1997 857 2037 consuetudine,
881 2011 981 2045 quam
1005 2001 1146 2041 Joannes
1175 1999 1330 2035 Carnero
1354 2003 1394 2035 de
1418 2000 1583 2036 Azevedo
1608 1998 1733 2034 habuit
1752 2011 1830 2034 cum

361 2044 466 2079 Clara
488 2044 649 2080 Theresia
664 2046 704 2080 de
720 2046 889 2092 Almeyda
905 2072 915 2086 ,
939 2059 1002 2092 qua
1021 2058 1097 2081 cum
1113 2050 1242 2093 'quarto
1267 2046 1570 2093 consanguinitatis
1589 2047 1693 2094 gradu
1712 2047 1831 2092 junge-

363 2093 479 2133 batur,
508 2102 574 2128 tres
587 2091 763 2138 suscepiffe
781 2092 904 2128 liberos
921 2093 1028 2129 fertur
1042 2120 1052 2133 ‚
1078 2095 1241 2134 Joannem
1257 2121 1267 2134 ,
1294 2095 1474 2140 Aloyfium
1491 2121 1501 2134 ,
1526 2096 1559 2129 &
1574 2092 1828 2140 Hyacintham.

362 2139 548 2179 johannem
570 2149 652 2174 natu
680 2139 840 2182 majorem
858 2139 1040 2187 legitimari
1056 2141 1187 2176 curavit
1204 2139 1305 2176 Pater
1331 2153 1419 2176 anno
1436 2152 1528 2189 ¹7¹0·
1545 2153 1564 2176 a
1585 2139 1744 2186 Collegio
1758 2141 1827 2174 Ar-

361 2186 476 2225 chivi,
502 2188 531 2220 &
557 2187 665 2222 rursus
681 2197 769 2220 anno
803 2195 899 2233 ¹7¹2·
924 2187 1102 2232 Rescripto
1128 2188 1326 2223 Sereniflimi
1342 2188 1445 2235 Regis
1463 2215 1473 2229 ,
1500 2188 1678 2234 Aloysium
1698 2185 1828 2232 pariter

363 2232 547 2277 legitimari
577 2233 707 2268 curavit
724 2235 764 2267 ab
777 2235 894 2269 eodem
917 2234 1080 2281 Collegio
1096 2234 1242 2270 Archivi
1266 2234 1370 2270 Urbis
1386 2261 1397 2274 ,
1422 2238 1453 2271 &
1471 2236 1507 2270 in
1532 2235 1640 2271 literis
1654 2231 1825 2279 utriusque

361 2279 638 2325 Legitimationis
651 2279 737 2314 datis
749 2293 768 2315 a
788 2280 953 2327 Collegio
970 2282 1117 2318 Archivi
1132 2281 1228 2316 solita
1244 2283 1372 2324 adjecta
1395 2281 1458 2317 fuit
1471 2282 1617 2317 formula
1628 2299 1664 2307 --
1684 2280 1824 2326 Absque

355 2329 554 2374 priejndicio
571 2329 780 2362 venientium
797 2329 838 2362 ab
852 2328 1005 2368 intestato
1019 2355 1029 2368 ,
1055 2328 1363 2374 velfideicommiffb
1376 2349 1403 2354 --
1431 2329 1543 2365 Gravi
1568 2328 1700 2364 tandem
1715 2337 1826 2361 corre·

362 2383 437 2418 ptus
453 2374 568 2408 morbo
599 2373 740 2413 loannes
756 2373 912 2409 Carnero
930 2375 1029 2410 Pater
1056 2376 1219 2411 naturalis
1241 2386 1329 2410 anno
1356 2385 1452 2421 1731.
1468 2378 1502 2410 in
1525 2377 1673 2411 animum
1685 2373 1826 2408 induxit

359 2420 622 2454 Matrimonium
644 2431 718 2454 cum
732 2419 788 2454 sua
813 2420 917 2456 Clara
935 2421 1096 2456 Therefia
1130 2423 1351 2459 contraherc3
1377 2432 1410 2456 at
1432 2434 1510 2457 cum
1525 2434 1565 2457 co
1589 2431 1741 2466 tempore
1752 2419 1825 2454 dis-

358 2465 441 2500 sidia
457 2465 675 2501 effent'inter
700 2467 822 2501 Aulam
846 2466 1058 2507 Romanam,
1083 2468 1113 2503 &
1131 2469 1320 2504 Lusitanam
1336 2496 1344 2509 ,
1370 2481 1436 2504 non
1462 2469 1571 2515 potuit
1596 2466 1826 2514 dispensatio-

359 2524 437 2546 nem
464 2513 695 2557 Apostolicam
711 2512 918 2560 impetrare.
944 2513 1250 2562 Postulavitigitur
1266 2516 1455 2562 aCapitulo
1478 2515 1686 2555 Bracarensi,
1711 2513 1826 2560 quod,

359 2559 440 2592 Sede
472 2560 759 2609 Aprclniiepiscopali
792 2570 933 2596 vacante
951 2587 961 2601 ‚
985 2561 1252 2606 jurisdictionem
1278 2563 1479 2602 exercebat,
1506 2563 1784 2608 dispensationem
1808 2572 1828 2595 a
1870 2584 1873 2585 ν

359 2604 684 2655 denunciationibus
704 2632 714 2646 ‚
740 2616 841 2653 atque
867 2610 909 2642 ab
938 2612 1053 2643 eodem
1075 2609 1336 2655 impediment0;
1362 2609 1412 2644 sed
1434 2610 1577 2655 negavit
1601 2607 1797 2654 Capitulum
1813 2635 1823 2644 .

358 2650 499 2702 joannes
514 2660 628 2696 itaque
646 2679 656 2692 ,
681 2665 756 2687 cum
781 2653 914 2689 nullum
941 2655 1032 2690 aliud
1050 2665 1180 2701 pateret
1206 2655 1404 2702 diffugium,
1430 2668 1543 2692 coram
1570 2657 1742 2693 Paroctm,
1768 2656 1826 2699 qui

357 2700 395 2731 ad
411 2696 668 2749 'ministrandum
682 2709 841 2735 extremae
863 2700 1042 2738 Unfflonis
1065 2702 1320 2738 Sacramentum
1335 2702 1511 2738 access'erat
1525 2729 1535 2741 ,
1561 2701 1822 2738 Matrimonium

358 2755 391 2778 re
408 2744 477 2790 ipsa
489 2746 663 2780 contraxit
680 2756 756 2780 cum
769 2748 883 2783 eadem
897 2747 1001 2785 Clara
1018 2774 1029 2788 ,
1055 2747 1205 2795 fugiente
1221 2750 1370 2785 Parocho
1385 2776 1394 2790 ,
1420 2761 1512 2786 metu
1528 2777 1536 2791 ,
1565 2761 1667 2796 atque
1687 2751 1825 2784 horrore

1651 2796 1783 2844 percul-
