1883 2907
320 136 377 213 ἱῒῐ
393 177 424 210 in
441 176 542 210 choro
559 173 730 214 sedentes,
757 175 811 210 vel
828 173 996 219 Episcopo
1027 172 1197 207 adstantes
1221 170 1443 210 intueantur,
1463 171 1607 209 omnino
1634 184 1730 219 pares

326 232 554 269 Jcputentur‚
583 222 675 256 nulla
708 223 798 256 inter
823 233 878 256 cos
900 220 1112 256 distinetione
1135 247 1143 259 ‚
1161 219 1220 253 nili
1251 218 1343 265 quod
1381 217 1598 269 Proebendati
1613 216 1737 266 primas

325 273 453 312 semper
469 278 606 303 teneant
623 268 718 303 sedes
731 295 741 308 ,
765 269 794 304 &
813 269 846 303 in
863 267 989 313 pompis
1005 266 1247 313 subsequantur
1264 267 1416 301 t-lebdom
1425 265 1579 307 adarios,
1601 268 1737 305 unicad

324 326 495 362 praecunte
513 316 623 350 Crucc
635 343 644 356 ,
672 328 742 362 (με
754 317 799 350 cst
818 314 1108 350 Pr.t·bendat0rt11n
1123 341 1130 349 .

278 363 316 398 ln
344 365 404 398 hac
430 365 594 398 honorum
620 363 813 408 aequalitate
839 362 988 403 jurium,
1013 362 1043 395 δι
1072 361 1158 395 lucri
1181 360 1406 396 differentiam
1433 358 1520 395 serre
1547 361 1733 400 noluerunt
1766 351 1781 386 ''-

325 410 595 446 Hebdomadarii
613 437 619 449 ‚
647 419 810 455 negarunt
829 410 859 443 se
870 407 1063 441 canonicos
1077 408 1120 442 ad
1136 407 1264 443 sacrum
1289 419 1344 454 per
1358 408 1596 444 Hebdomadas
1628 422 1737 457 agen-

326 461 409 494 dum
427 485 435 496 ,
461 460 489 492 δι
511 459 550 491 ad
566 456 776 491 residentiam
789 454 965 490 obstrictos
979 452 1063 488 esse:
1090 466 1164 500 quae
1188 463 1351 500 concepta
1373 455 1490 500 opinio
1516 455 1564 490 ita
1591 457 1731 498 valuit,

326 517 363 541 ut
378 504 716 539 duollebdomadarii
732 514 801 537 non
816 501 1048 537 dubitaverint
1071 500 1251 536 servitium
1266 503 1438 538 dunittere
1453 529 1462 542 ,
1491 503 1523 538 &
1551 502 1734 542 Ecclesiam
1780 520 1782 522 ·

326 552 476 587 descrere
492 577 501 591 ‚
525 560 642 584 contra
656 561 737 595 quos
752 548 905 596 Episcopi
920 547 1108 584 Venafrani
1126 547 1234 595 poenis
1249 560 1266 583 a
1281 548 1489 584 Tridentino
1507 549 1640 587 inflictis
1658 562 1736 597 ege-

326 610 401 636 runt
416 626 425 638 ‚
447 599 603 632 obdurati
621 606 737 632 tamen
749 597 800 632 illi
815 597 969 632 ultimam
978 607 1117 644 quoque
1133 597 1333 642 privationis
1346 596 1619 633 Canonicatuum
1644 596 1733 634 serre

323 648 530 682 voluerunt:
545 645 666 679 horum
678 644 842 690 exemplo
861 643 952 680 srassi
968 644 1081 679 animo
1095 644 1153 679 alii
1167 645 1200 680 in
1218 643 1428 679 commodius
1442 652 1573 689 tempus
1594 645 1737 680 distule—

323 704 405 731 runt
431 691 618 729 remedium
639 720 646 727 .
677 692 895 727 Accidithoc
913 703 1004 727 anno
1021 696 1140 731 1680„
1165 704 1234 738 quo
1259 692 1299 726 ad
1316 693 1381 727 hoc
1402 691 1545 726 Sacrum
1560 689 1737 729 Tribunal

325 740 550 787 confugerunt
568 764 578 778 ,
598 739 869 786 rescriptumque
880 738 946 774 fuit
962 758 987 766 --
1004 738 1052 774 Ex
1065 740 1208 774 deductis
1226 750 1295 774 non
1311 738 1419 774 teneri
1437 741 1475 774 ad
1490 737 1741 781 Refidentiam‚

326 788 382 823 sed
398 792 435 822 ad
450 786 629 821 servitium
648 787 758 822 Chori
774 806 802 814 -—
819 785 946 822 Neutri
960 786 1106 832 partium
1132 787 1194 820 hoc
1214 786 1346 834 placuit
1371 784 1566 832 responsum
1580 812 1590 826 ,
1614 796 1735 822 contra

325 848 337 869 t
349 834 415 869 uod
429 842 545 878 aperta
562 833 674 869 fronte
687 835 809 880 primus
827 834 1000 880 pugnavit
1013 834 1132 879 Coppa
1149 833 1440 869 Hebdomadarius
1454 860 1463 872 ‚
1485 832 1542 879 qui
1557 833 1634 868 vale
1648 833 1736 870 dixit

353 880 481 916 cclefiae
495 907 505 921 ,
532 893 594 917 nec
613 881 656 916 ad
671 881 779 928 ipsam
805 893 883 916 eum
902 882 1057 916 reducere
1081 890 1260 926 potuerunt
1278 880 1430 927 repetita:
1449 880 1653 917 monitiones
1666 908 1676 922 ‚
1707 881 1739 916 &

325 939 432 975 poenae
443 928 487 962 ab
500 928 669 974 Episcopo
691 929 826 964 inflictae
843 955 853 969 ‚
880 929 939 972 qui
953 928 1090 962 tandem
1104 940 1179 962 eum
1193 939 1211 962 e
1223 927 1438 964 canonicatu
1450 926 1572 969 dejecit
1586 952 1597 962 .
1625 929 1739 972 Hujus

323 976 483 1023 periculo
499 975 774 1020 prudentioribus
790 975 930 1010 redditis
944 974 1017 1010 aliis
1031 1001 1041 1014 ,
1063 975 1158 1021 quies
1172 975 1285 1020 aliqua
1303 973 1422 1009 affulsit
1439 987 1450 1012 5
1478 975 1611 1010 tandem
1624 976 1738 1011 omnia

325 1025 595 1059 iterumturbata
611 1023 687 1058 sunt
702 1049 710 1062 ,
733 1023 891 1059 derelicta
915 1023 959 1058 ab
986 1021 1274 1058 Hebdomadiriis
1302 1021 1470 1060 Ecclefia,
1493 1022 1552 1068 qui
1567 1022 1637 1057 sese
1660 1022 1740 1060 aliis

325 1068 485 1106 Ecclesiis
500 1068 685 1104 adscribere
699 1079 899 1110 tentarunt,
927 1078 964 1104 ut
978 1069 1082 1105 refert
1099 1068 1280 1116 Episcopus
1298 1069 1330 1104 in
1344 1067 1481 1114 epistola
1501 1069 1556 1105 sua
1567 1097 1576 1109 ,
1598 1082 1665 1115 qua
1679 1097 1689 1110 ,
1702 1079 1741 1106 ut

264 1156 267 1159 ,
323 1117 428 1153 moris
442 1115 487 1151 est
501 1143 510 1156 ,
540 1128 680 1163 rogatus
693 1117 784 1152 sensa
796 1117 905 1164 aperit
919 1117 1022 1152 animi
1035 1116 1083 1152 sui
1101 1144 1106 1149 .
1131 1118 1286 1163 Longum
1301 1117 1408 1162 igitur
1421 1126 1512 1153 nunc
1537 1116 1736 1152 Praebenda-

324 1164 354 1199 ti
369 1164 524 1199 libellum
533 1161 680 1199 offerunt
694 1163 968 1199 Eminentiffimis
985 1164 1143 1201 Panibus
1157 1189 1167 1203 ,
1184 1175 1250 1211 quo
1262 1162 1346 1200 XX.
1362 1190 1371 1203 ‚
1398 1175 1471 1210 quae
1488 1175 1739 1211 proponuntur,

327 1211 446 1248 Dubia
457 1208 683 1246 definiantur.
709 1213 763 1246 Ab
777 1212 1058 1247 Hebdomadariis
1082 1211 1168 1247 nihil
1190 1211 1346 1248 hactenus
1368 1211 1546 1246 habuimus
1572 1225 1580 1245 ε
1604 1211 1734 1259 Capita

327 1256 568 1294 controverfiae
582 1259 657 1294 sunt
669 1284 679 1296 ,
702 1270 776 1304 quae
793 1259 975 1304 sequuntur
992 1289 999 1295 .

275 1304 308 1342 I.
336 1306 394 1340 An
408 1305 578 1340 Canonici
594 1305 860 1341 Hebdomadarii
876 1305 1028 1344 Ecclefiae
1041 1305 1242 1341 Venafranae
1256 1305 1386 1352 perfrui
1409 1306 1555 1341 debeant
1575 1306 1657 1347 Jure
1671 1307 1740 1344 Ca·
1763 1326 1766 1330 ⁸

422 1351 532 1387 noniae
545 1380 554 1392 ,
570 1354 600 1388 δι
616 1361 749 1400 partem
762 1353 964 1389 constituant
978 1353 1135 1400 Capituli
1153 1354 1187 1388 in
1202 1353 1278 1389 casu
1293 1355 1358 1389 &c.

275 1398 325 1435 11.
355 1399 412 1436 An
423 1399 527 1435 iidem
536 1400 706 1436 Canonici
721 1400 989 1436 Hebdomadarii
1002 1401 1123 1449 assequi
1138 1402 1279 1438 valeant
1287 1399 1524 1438 canonicatus
1539 1400 1737 1448 praebenda·

418 1456 474 1483 tos
487 1446 522 1482 in
532 1447 608 1483 casu
622 1449 685 1484 &c-

275 1492 346 1529 111.
373 1495 430 1530 An
444 1494 549 1530 iidem
566 1496 829 1532 Hebdomadarii
845 1505 1020 1533 teneantur
1034 1496 1073 1532 ad
1092 1495 1328 1532 Refidentiam
1342 1522 1352 1536 ,
1379 1496 1468 1531 itaut
1492 1494 1531 1531 sit
1558 1495 1712 1531 standum
1727 1523 1738 1538 ,

422 1542 479 1577 vel
493 1542 717 1579 recedendum
730 1555 750 1579 a
765 1542 894 1579 Decists
907 1543 964 1579 sub
975 1546 1030 1579 die
1048 1555 1103 1590 23.
1119 1544 1213 1579 Νον.
1228 1545 1324 1580 1680.
1338 1541 1373 1578 in
1387 1543 1461 1578 casu
1475 1544 1542 1579 &c-

288 1586 354 1624 IV.
379 1589 439 1624 An
453 1588 552 1625 iidem
569 1589 842 1625 Hebdomadarii
859 1600 1038 1626 teneantur
1049 1591 1200 1638 praestare
1226 1589 1380 1626 Ecclefiae
1402 1590 1607 1626 Venafranae
1631 1589 1737 1625 servi-

421 1636 507 1671 tium
519 1637 626 1672 Chori
645 1649 720 1673 cum
734 1638 866 1674 Habitu
879 1639 1080 1675 Canonicali
1093 1637 1208 1673 iisdem
1219 1638 1353 1676 diebus,
1369 1637 1474 1683 iisque
1486 1636 1734 1677 funetionibus‚

420 1694 459 1718 ac
473 1684 589 1719 eodem
601 1685 705 1720 modo
720 1712 730 1725 ,
753 1697 822 1730 quo
836 1696 997 1722 tenentur
1008 1687 1210 1735 Dignitates
1222 1712 1233 1727 ‚
1252 1687 1283 1722 δι
1301 1684 1469 1721 Canonici
1487 1684 1705 1721 Prabendati
1722 1684 1738 1719 ,²

420 1734 463 1767 Θ
474 1741 640 1778 quatenus
653 1735 816 1779 negative
833 1762 842 1771 .

278 1774 323 1809 V.
351 1777 412 1810 An
422 1803 432 1816 ‚
455 1778 488 1812 &
502 1779 672 1824 quomodo
685 1788 866 1817 teneantur
879 1782 1035 1828 praestare
1048 1781 1226 1818 servitium
1239 1782 1333 1817 chori
1348 1780 1380 1816 in
1394 1782 1468 1817 casu
1482 1782 1548 1816 &c.

222 1850 224 1853 ,
280 1820 346 1858 VI.
372 1824 433 1859 An
458 1825 561 1860 i1dem
580 1826 846 1863 Hebdomadarii
867 1838 1046 1864 teneantur
1069 1830 1103 1864 in
1119 1830 1185 1865 suis
1202 1829 1388 1875 respective
1406 1827 1644 1863 Hebdomadis
1669 1836 1736 1862 non

420 1870 528 1906 solum
543 1872 680 1908 Missam
694 1874 970 1910 Conventualem
985 1888 1105 1912 canere
1122 1903 1131 1916 ,
1149 1876 1203 1911 sed
1217 1877 1320 1911 etiam
1344 1875 1379 1910 in
1394 1876 1520 1910 Officio
1534 1875 1735 1910 Hebdoma-

418 1918 588 1954 dariorum
602 1919 739 1956 aflistere
750 1923 907 1958 omnibus
925 1924 1033 1960 Horis
1047 1924 1236 1959 Canonicis
1256 1924 1355 1968 usque
1377 1922 1420 1957 ad
1436 1921 1733 1966 completorium-.-

418 1965 602 2006 inclusive,
623 1971 786 2014 noctuque
809 1971 995 2016 respective
1025 1971 1231 2006 Nativitatis
1254 1969 1396 2005 Domini
1418 1996 1427 2010 ‚
1449 1979 1581 2003 necnon
1611 1968 1727 2003 diebus

420 2012 647 2050 Hebdomadae
656 2015 793 2056 majoris
808 2015 987 2052 Lectiones
1001 2030 1123 2053 canere
1136 2044 1146 2057 ‚
1169 2019 1301 2063 aliaque
1315 2027 1472 2062 peragere
1497 2015 1530 2049 in
1552 2013 1733 2050 servitium

421 2058 528 2150 Cffiliori
541 2088 550 2101 ‚
568 2063 848 2110 quaeaMagistro
871 2065 1155 2101 coeremoniarum
1174 2062 1459 2112 praelcribuntur3
1499 2068 1543 2099 ιῖφ
1569 2071 1738 2109 qnatenus

419 2120 437 2138 a
473 2112 623 2146 rmative
638 2137 646 2145 .
747 2125 749 2129 ·

279 2148 364 2185 vn.
391 2153 450 2188 An
463 2158 575 2207 omnia
583 2156 749 2204 praemiss'a
762 2159 890 2205 expleri
902 2158 1006 2195 etiam
1019 2160 1160 2196 debeant
1177 2171 1236 2206 per
1250 2168 1389 2198 turnum
1405 2172 1423 2194 a
1438 2155 1661 2204 dignitatibus
1677 2181 1688 2196 ³
1702 2155 1735 2190 &

419 2201 604 2254 Canonicis
618 2205 851 2241 Praebendatis
865 2233 875 2246 ‚
900 2219 939 2242 ac
953 2208 1214 2253 Expectantibus
1229 2207 1265 2243 in
1275 2209 1353 2244 casu
1363 2212 1426 2245 διε.

278 2243 378 2280 VIII.
405 2247 463 2280 An
475 2272 483 2284 ,
493 2249 524 2281 &
540 2261 574 2283 1n
582 2262 647 2295 quo
660 2263 799 2288 numero
811 2256 948 2289 assistere
962 2265 1142 2291 teneantur
1157 2267 1233 2291 cum
1244 2256 1451 2301 pluvialibus
1465 2250 1737 2289 Archidiacono,

421 2294 452 2345 ὃς
466 2293 675 2333 Primiceriis
691 2300 854 2345 Vesperas
873 2329 881 2340 ,
908 2303 938 2336 δι
957 2302 1086 2338 Laudes
1098 2303 1348 2338 celebrantibus
1362 2329 1372 2342 ‚
1401 2303 1432 2337 δι
1447 2297 1628 2347 τείρεζῖἴίνε
1647 2296 1734 2332 Offi-

417 2350 510 2392 clum
525 2343 676 2394 Diaconi
688 2372 696 2384 ,
725 2347 755 2380 &
771 2350 975 2385 Subdiaconi
991 2349 1102 2385 facere
1115 2377 1124 2389 ‚
1151 2360 1216 2385 una
1230 2375 1240 2389 ,
1265 2350 1318 2384 vel
1335 2350 1443 2384 altera
1459 2360 1502 2384 ex
1514 2345 1609 2381 dlffls
1628 2346 1737 2380 tribus

419 2387 660 2434 Dignitatibus
673 2390 787 2427 Miffas
804 2395 1018 2431 celebrante3
1046 2401 1090 2433 &
1129 2405 1272 2432 itatenus
1290 2396 1495 2440 affirmative
1511 2418 1520 2427 ·

277 2431 346 2467 IX.
372 2435 432 2469 An
447 2437 486 2487 ad
499 2438 649 2478 eamdem
662 2438 878 2476 assistentiam
893 2452 1071 2478 teneantur
1098 2409 1264 2477 ganonici
1290 2441 1501 2478 Praebendati
1517 2467 1528 2481 ,
1558 2441 1592 2476 8<
1617 2438 1732 2484 respe-

417 2480 739 2535 ctive-Expectant&
752 2487 785 2521 in
800 2487 876 2524 casu
893 2490 956 2524 &c-

277 2523 325 2561 X·
354 2529 412 2562 An
426 2555 435 2568 ‚
459 2531 491 2564 8<
505 2541 541 2564 m
555 2533 675 2577 quibus
689 2533 918 2571 functionibus
934 2562 944 2576 ‚
963 2537 1040 2571 dum
1053 2536 1224 2572 celebrant
1236 2535 1410 2574 Canonici
1426 2534 1630 2571 Praebendati
1650 2558 1662 2572 2
1674 2541 1736 2568 te·

415 2587 561 2629 neantur
573 2579 745 2617 Canonici
769 2583 1033 2620 Hebdomadarii
1061 2584 1217 2630 supplere
1235 2584 1326 2619 vices
1344 2582 1599 2619 canonicorum
1623 2580 1732 2627 Expe-

420 2624 580 2674 Ctantium
595 2653 603 2665 ,
622 2630 678 2673 qui
694 2628 768 2664 sunt
784 2631 935 2666 absentes
949 2658 958 2670 ,
985 2633 1015 2665 &
1031 2632 1109 2668 loco
1125 2642 1244 2666 eorum
1256 2631 1405 2666 assistere
1416 2631 1450 2664 in
1466 2629 1542 2665 casu
1561 2630 1628 2665 &c.

275 2667 343 2705 xl.
368 2669 423 2706 An
439 2669 539 2706 ude-m
554 2673 724 2712 Canonici
738 2678 1000 2714 Hebdomadarii
1019 2688 1202 2715 teneantur
1215 2680 1320 2715 etiam
1332 2689 1398 2714 non
1413 2677 1557 2715 invitati
1573 2674 1731 2714 interesse

1658 2733 1742 2771 pro-
