1874 2961
1446 104 1467 131 7

87 142 164 189 post
183 139 362 180 discessum
382 141 551 178 salutavit
569 166 580 182 ‚
608 139 643 177 8(
662 138 828 177 redeundi
844 139 997 175 animum
1016 140 1067 175 ita
1082 139 1279 186 deposuit,
1297 149 1337 176 ut
1351 103 1498 177 elthio3-

88 207 165 231 nem
192 195 235 231 ad
262 193 394 229 Munus
429 194 700 229 Decurionatus
732 190 942 227 Turricellae
971 201 1080 226 ratam
1112 202 1181 225 non
1215 192 1380 227 habuerit
1401 220 1411 234 ‚
1440 193 1495 229 led
1541 204 1550 211 ’

85 247 228 282 omnino
248 244 420 292 respuerit
438 272 448 288 ‚
482 244 516 278 &
546 243 687 279 demum
707 244 798 278 inter
812 243 924 278 (Lives
943 241 1178 277 Ariminenses
1199 241 1307 277 suerit
1324 243 1493 280 allcftus.

40 297 135 336 Inter
148 296 280 331 liberos
301 322 312 338 ‚
343 309 436 345 quos
453 294 606 340 suscepit
625 322 636 337 ‚
661 295 786 330 Petrus
818 293 885 328 suit
902 303 1003 328 natus
1036 294 1068 329 in
1085 292 1218 327 Castro
1236 320 1246 334 ‚
1275 293 1341 327 live
1379 295 1494 329 l'odio

87 347 364 398 Hybernorum‚
380 348 442 395 qui
460 343 642 395 postquam
661 357 703 381 ex
719 345 877 391 ephaebis
896 344 1047 390 egressus
1064 343 1111 378 est
1125 343 1365 378 'surricelliim
1384 345 1496 379 trans-

85 401 182 436 latus
201 398 298 440 fuit,
329 400 394 433 ubi
422 409 482 444 per
507 396 684 432 biennium
716 396 839 432 studiis
866 407 1010 443 operam
1039 394 1162 436 dedit,
1198 395 1232 429 8(
1265 394 1491 438 Tonsurain,

85 449 308 497 minoresque
323 450 480 485 Ordines
509 449 573 483 liae
592 448 775 485 occasione
803 450 849 483 ab
870 447 1053 494 Episcopo
1080 445 1274 482 Feretrai'io
1308 445 1461 492 suscepit
1480 459 1489 481 :

85 501 162 540 Ubi
179 512 266 538 vero
279 501 323 537 ad
338 500 470 537 Sacros
487 500 642 536 Ordines
674 499 857 535 ascendere
888 499 1006 534 voluit
1030 525 1040 540 ‚
1074 496 1274 532 inconsulto
1311 496 1494 544 susceptos

85 554 254 592 Minores
284 553 466 598 reputavit
492 551 536 588 :ib
570 551 752 598 Episcopo
784 551 846 585 illo
877 576 886 591 ‚
923 551 957 584 8(
991 547 1247 589 Ariminensem
1281 547 1370 583 adiit
1385 574 1396 590 ‚
1428 549 1491 595 qui

84 603 317 642 Feretranum
331 604 521 638 certiorem
536 601 622 637 fecit
636 603 679 637 de
700 602 834 637 Clerici
853 601 955 639 liuius
975 600 1172 643 deiideri03
1193 601 1403 634 Feretranus
1422 598 1485 633 sibi

82 653 367 705 jurisdifikionem
385 652 551 689 asserebat
568 679 578 692 ,
604 664 642 687 ur
660 664 712 688 res
731 651 858 688 infesta
893 652 1028 696 fuerit3
1056 650 1198 686 tandem
1216 648 1387 685 defuneto
1403 649 1492 697 Epi-

87 706 198 753 scopo
217 703 438 746 Ariminensi,
457 715 570 738 novus
587 703 750 739 suffeffius
767 716 832 738 non
851 703 910 739 sibi
942 712 1076 738 tantum
1107 700 1311 737 vindicabat
1343 700 1492 743 jurisdi-

87 759 242 794 &ionem
270 757 303 791 in
320 755 636 791 ClericumGuidi
653 782 664 797 ,
698 754 754 790 sed
783 754 976 802 suspensum
992 780 1003 795 ‚
1034 754 1069 788 8(
1101 753 1337 798 irregularem
1355 751 1492 792 judica-

86 810 172 850 bat,
201 806 300 854 quod
314 806 503 852 illegitime
528 817 546 839 a
563 805 755 842 Feretrano
785 805 967 851 Episcopo
995 803 1157 840 Tonsura
1171 830 1181 846 ‚
1213 803 1245 837 81
1285 803 1490 838 Minoribus

85 858 287 898 Ordinibus
301 856 416 894 fuitset
432 856 558 892 anetus
577 868 684 905 atque
700 856 904 893 honestatus
928 883 939 899 ‚
955 865 994 891 ut
1010 855 1052 890 ad
1070 855 1159 889 hanc
1173 856 1264 889 inter
1283 853 1488 900 Episcopos

86 910 319 948 dirimendam
333 906 607 945 controverliain
623 920 715 956 opus
740 907 846 944 fuerit
870 906 1016 943 Clerico
1045 905 1194 941 Sacrum
1217 903 1295 946 hoc
1313 903 1491 940 Tribunal

84 962 186 1000 adire
201 987 213 1004 ‚
237 968 277 995 ut
290 961 397 996 initio
410 959 628 996 narravimus
644 988 652 996 .
680 959 895 1005 Disputatio
909 958 1025 994 omnis
1042 983 1052 997 ,
1086 965 1126 992 ut
1142 956 1281 992 videtur
1298 982 1309 998 ,
1339 955 1487 992 confici-

89 1023 149 1051 tur
164 1024 183 1048 a
199 1010 429 1058 dispositione
457 1020 531 1058 cap.
550 1024 620 1049 cum
638 1011 777 1047 Mallus
797 1011 850 1047 De
874 1011 992 1055 Temp.
1017 1010 1191 1045 ordinat.
1208 1009 1247 1041 in
1263 1007 1298 1043 6.
1335 1007 1370 1042 8<
1393 1018 1413 1041 a
1431 1017 1490 1041 ce-

88 1065 180 1102 lebri
193 1063 463 1100 Constitutione
481 1061 728 1097 Innocentiana
743 1088 753 1103 ‚
783 1060 887 1106 cujus
903 1062 1042 1095 initium
1055 1060 1103 1093 est
1118 1079 1141 1086 --
1155 1058 1413 1104 Speculatores
1430 1075 1464 1088 a·
1480 1082 1490 1098 ‚

86 1113 354 1160 utcognoscere
381 1123 546 1160 poterunt
567 1111 779 1159 Ampliffirni
813 1112 935 1148 Patres
962 1121 1006 1146 ex
1034 1109 1159 1145 libello
1181 1109 1269 1144 dato
1303 1108 1487 1143 aClerico

89 1165 235 1207 Guidi;
265 1177 285 1200 a
304 1164 514 1200 Promotore
541 1163 711 1211 siquidem
736 1161 864 1199 Fiscali
881 1162 1004 1198 Curiae
1019 1161 1218 1197 Feietranoe
1246 1159 1333 1195 nihil
1355 1158 1486 1194 habui-

87 1231 167 1256 mus
180 1215 351 1253 haetenus
367 1242 378 1252 .
407 1215 572 1252 Dubium
588 1241 599 1257 ‚
630 1214 728 1262 quod
745 1214 956 1261 proponitur
972 1238 984 1254 ‚
1011 1210 1060 1248 est
1076 1239 1085 1248 .

36 1273 108 1310 An
123 1267 162 1310 δ’
177 1269 224 1305 ad
235 1277 332 1314 quem
336 1265 477 1315 spesiet
491 1267 691 1305 Ordinario
707 1265 816 1302 Petri
832 1265 949 1301 Guidi
973 1269 1011 1303 in
1025 1263 1105 1310 casu
1120 1263 1190 1305 &c-

144 1369 234 1416 Non
250 1367 432 1419 proposita
453 1379 535 1404 cum
564 1366 793 1417 sequentibus
813 1392 822 1404 .

166 1525 333 1567 ONTIS
369 1526 648 1568 POLITIANI
694 1526 1025 1567 ERECTloNis
1066 1520 1453 1563 CAPPELLANIAE
1482 1547 1494 1564 ‚
1535 1521 1725 1561 &spu-&8-

180 1577 341 1628 Qstio
357 1579 448 1616 luris
463 1605 475 1622 ‚
509 1580 543 1615 &
573 1582 769 1618 voluntatis
798 1581 916 1626 agitur
949 1582 983 1615 in
1012 1579 1077 1614 hac
1106 1577 1211 1612 causa
1242 1591 1252 1619 ς
1284 1574 1497 1611 Vincentius
1535 1563 1648 1603 deRes:

89 1628 270 1676 Rugefius
285 1629 518 1667 Cathedralis
536 1632 693 1668 Ecclefiae
712 1632 849 1667 Montis
869 1631 1037 1666 Politiani
1053 1629 1264 1666 Canonicus
1281 1622 1497 1662 Testamen-

89 1682 194 1717 tariis
209 1680 362 1717 Tabulis
377 1707 388 1723 ‚
415 1692 505 1729 quas
516 1680 648 1729 scripfit
667 1694 759 1719 anno
782 1693 886 1729 ¹709·
917 1682 1086 1716 haeredem
1114 1678 1179 1714 effe
1200 1677 1314 1713 voluit
1331 1676 1499 1712 Lauren-

88 1733 180 1767 tium
198 1732 384 1778 Rugefium
401 1732 522 1768 fratris
539 1732 650 1768 filium
666 1759 677 1775 ‚
693 1733 838 1781 ejusque
852 1733 945 1767 filios
964 1758 976 1774 ,
1002 1732 1036 1767 &
1053 1727 1304 1766 descendentes
1320 1725 1496 1761 masculos

90 1791 247 1825 tantum,
263 1783 416 1818 soeminis
446 1783 578 1827 semper
594 1784 738 1820 exclusis
753 1811 763 1826 ‚
799 1783 961 1827 injuneto
982 1781 1181 1817 liaeredibus
1205 1778 1371 1813 omnibus
1389 1786 1497 1810 onere

87 1833 200 1869 trium
216 1833 410 1871 Sacrorum
425 1832 572 1880 lingulis
594 1835 828 1871 hebdomadis
842 1864 852 1875 ,
870 1836 901 1869 &⁷
922 1832 1006 1868 osto
1022 1835 1054 1868 in
1074 1829 1163 1866 festo
1179 1828 1403 1865 Sanetiffimae
1417 1827 1497 1863 An-

88 1884 330 1929 nunciationis
359 1886 393 1919 in
423 1884 605 1932 Cappella
635 1886 788 1933 ejusdem
806 1885 948 1921 Cathed
958 1885 1041 1920 ralis
1070 1881 1289 1928 agendorum
1311 1894 1320 1922 3
1349 1877 1498 1913 fundum

88 1935 190 1970 oneri
206 1934 394 1986 supposuit
409 1947 545 1972 certum
559 1963 569 1979 ‚
603 1939 743 1973 nomine
756 1964 766 1979 ,
807 1936 937 1972 finibus
954 1937 988 1971 8<
1007 1933 1165 1970 mensura
1179 1930 1398 1976 designatum
1419 1953 1429 1962 .
1458 1927 1497 1963 Si

85 1983 255 2022 deficeret
275 1987 368 2026 linea
380 1987 573 2023 masculina
590 1988 778 2025 Laurentii
799 2015 809 2030 ,
844 1986 1083 2022 haereditatem
1099 1985 1271 2028 integram
1304 1979 1437 2016 detulit
1454 1977 1499 2012 ad

85 2035 177 2072 solos
195 2036 372 2073 masculos
386 2048 606 2085 prorogatos
624 2051 642 2073 a
662 2039 811 2076 Braccio
829 2039 952 2074 Bracci
972 2034 1112 2073 diverso
1132 2045 1238 2069 onere
1260 2060 1269 2074 ,
1287 2029 1498 2077 diversaque

83 2087 194 2133 lege,
222 2099 264 2123 ac
288 2088 561 2125 conditionibus
579 2118 589 2126 .
620 2090 687 2126 His
716 2091 809 2126 enim
835 2090 983 2126 Sacrum
1014 2085 1267 2136 quotidianum
1301 2080 1499 2132 imposuit,

85 2137 216 2174 fundos
230 2140 351 2182 oneri,
377 2140 410 2175 8(
429 2139 620 2175 facultates
635 2141 787 2188 subJ’ecit
804 2139 984 2177 universas
1007 2166 1018 2182 ‚
1040 2136 1206 2186 juffitque
1237 2134 1314 2171 fieri
1343 2130 1499 2168 eretuo-

83 2201 164 2225 nem
178 2190 424 2238 Cappellaniae
439 2191 472 2226 in
489 2202 611 2228 verum
629 2186 822 2234 Titulumg
852 2191 939 2227 dato
971 2188 1227 2225 nominationis
1263 2186 1340 2220 lure
1372 2180 1499 2217 haeredi

84 2239 245 2278 masculo
263 2241 413 2278 Braccio
427 2267 438 2284 ‚
470 2243 506 2278 &
519 2240 542 2276 fi
559 2242 680 2288 plures
699 2241 806 2279 effent
821 2241 976 2278 haeredes
991 2268 1000 2284 ‚
1016 2239 1219 2286 digniorem
1237 2247 1280 2272 ex
1305 2236 1349 2269 iis
1361 2233 1425 2281 jus
1440 2234 1502 2268 ha-

85 2290 168 2328 bere
183 2293 299 2329 voluit
314 2292 520 2328 nominandi
539 2320 547 2329 .
568 2291 724 2329 Defeeta
744 2305 830 2330 vero
847 2292 1151 2341 quandocumque
1169 2287 1319 2323 secunda
1340 2288 1406 2319 hac
1425 2283 1504 2320 sub-

88 2340 293 2381 stitutorum
310 2343 403 2379 linea
431 2344 623 2380 masculina
639 2370 648 2386 ‚
669 2345 788 2380 locum
803 2344 891 2380 fecit
911 2342 1087 2389 Capitulo
1102 2338 1332 2376 cathedralis
1349 2363 1359 2378 ‚
1395 2335 1498 2381 cujus

88 2392 240 2430 arbitrio
258 2422 268 2438 ‚
299 2395 522 2441 &religioni
537 2396 686 2443 reliquit
701 2422 712 2438 ‚
745 2395 802 2432 vel
819 2394 1099 2441 Cappellaniam
1132 2393 1230 2438 prius
1259 2386 1413 2424 ere-stam
1432 2386 1504 2421 ser-

89 2455 200 2488 vare,
228 2447 285 2482 vel
300 2446 394 2482 bona
407 2447 631 2495 haereditaria
646 2446 708 2482 sua
724 2446 933 2493 Capitulari
962 2443 1083 2480 mensae
1114 2441 1309 2488 adjungere
1325 2464 1335 2479 ‚
1371 2437 1406 2472 8(
1427 2448 1507 2484 per-

91 2494 236 2532 miscere
251 2524 262 2541 ,
278 2497 373 2534 salva
390 2496 525 2545 semper
541 2523 551 2540 ,
569 2507 677 2545 atque
695 2499 833 2544 integra
849 2497 931 2542 lege
950 2495 1051 2534 Sacri
1069 2493 1276 2542 quotidiani
1290 2488 1502 2536 peragendi.
1535 2534 1538 2537 ῃ
1600 2508 1603 2511 -

39 2544 429 2586 DeceffitLaurentius
447 2549 556 2585 haeres
574 2549 729 2595 scriptus
753 2548 821 2584 fine
849 2547 1041 2588 masculis,
1075 2545 1264 2591 delataque
1294 2538 1504 2576 succeffione

93 2595 138 2633 ad
154 2596 324 2636 Braccios
340 2627 351 2643 ‚
381 2603 415 2635 in
434 2599 586 2636 secunda
602 2612 682 2636 cera
700 2600 855 2645 scriptos
872 2598 1027 2635 haeredes
1046 2622 1057 2639 ,
1093 2596 1216 2632 Locus
1232 2591 1349 2628 faetus
1364 2589 1412 2626 est
1427 2602 1508 2626 ere-

93 2647 208 2686 Hioni
222 2648 467 2699 Cappellaniae
481 2652 517 2687 in
531 2651 697 2688 Titulum
716 2663 726 2688 ς
753 2650 814 2687 De
829 2648 897 2685 fide
914 2659 1038 2684 eorum
1057 2671 1069 2690 ,
1104 2646 1168 2694 qui
1197 2643 1360 2694 proxime
1386 2644 1509 2680 venie-

146 2700 328 2741 Tcm.XV.
947 2699 988 2739 K
1393 2694 1483 2730 bant
1505 2717 1516 2736 ‚
