<?xml version="1.0" encoding="UTF-8"?>
<!DOCTYPE html PUBLIC "-//W3C//DTD XHTML 1.0 Transitional//EN"
    "http://www.w3.org/TR/xhtml1/DTD/xhtml1-transitional.dtd">
<html xmlns="http://www.w3.org/1999/xhtml" xml:lang="en" lang="en">
 <head>
  <title>
</title>
<meta http-equiv="Content-Type" content="text/html;charset=utf-8" />
  <meta name='ocr-system' content='tesseract 3.04.00' />
  <meta name='ocr-capabilities' content='ocr_page ocr_carea ocr_par ocr_line ocrx_word'/>
</head>
<body>
  <div class='ocr_page' id='page_1' title='image "./thesaurusresolut14cath_0191.png"; bbox 0 0 1874 2961; ppageno 0'>
   <div class='ocr_carea' id='block_1_1' title="bbox 107 97 1513 181">
    <p class='ocr_par' dir='ltr' id='par_1_1' title="bbox 107 97 1513 181">
     <span class='ocr_line' id='line_1_1' title="bbox 107 97 1513 181; baseline -0.001 -8"><span class='ocrx_word' id='word_1_1' title='bbox 107 134 173 173; x_wconf 82' lang='lat' dir='ltr'>tini</span> <span class='ocrx_word' id='word_1_2' title='bbox 192 136 392 174; x_wconf 83' lang='lat' dir='ltr'>Decretum</span> <span class='ocrx_word' id='word_1_3' title='bbox 410 136 534 171; x_wconf 72' lang='lat' dir='ltr'>verbIs</span> <span class='ocrx_word' id='word_1_4' title='bbox 552 134 623 170; x_wconf 85' lang='lat' dir='ltr'>illis</span> <span class='ocrx_word' id='word_1_5' title='bbox 648 160 675 181; x_wconf 84' lang='lat'>‚‚</span> <span class='ocrx_word' id='word_1_6' title='bbox 702 132 760 170; x_wconf 84' lang='lat' dir='ltr'>Ac</span> <span class='ocrx_word' id='word_1_7' title='bbox 776 131 886 168; x_wconf 88' lang='lat' dir='ltr'>etiam</span> <span class='ocrx_word' id='word_1_8' title='bbox 919 134 951 168; x_wconf 90' lang='lat' dir='ltr'>in</span> <span class='ocrx_word' id='word_1_9' title='bbox 968 131 1186 179; x_wconf 78' lang='lat' dir='ltr'>Collegiatis</span> <span class='ocrx_word' id='word_1_10' title='bbox 1216 97 1513 172; x_wconf 62' lang='lat' dir='ltr'>existentibus7ii5i</span> 
     </span>
    </p>
   </div>
   <div class='ocr_carea' id='block_1_2' title="bbox 64 185 1513 749">
    <p class='ocr_par' dir='ltr' id='par_1_2' title="bbox 108 185 1513 440">
     <span class='ocr_line' id='line_1_2' title="bbox 109 185 1513 234; baseline 0 -10"><span class='ocrx_word' id='word_1_11' title='bbox 109 211 137 227; x_wconf 66' lang='lat'>‚2</span> <span class='ocrx_word' id='word_1_12' title='bbox 167 189 291 234; x_wconf 87' lang='lat' dir='ltr'>aliquo</span> <span class='ocrx_word' id='word_1_13' title='bbox 308 187 427 233; x_wconf 74' lang='lat' dir='ltr'>insigni</span> <span class='ocrx_word' id='word_1_14' title='bbox 460 186 612 234; x_wconf 85' lang='lat' dir='ltr'>Oppido</span> <span class='ocrx_word' id='word_1_15' title='bbox 630 211 658 227; x_wconf 83' lang='lat'>‚‚</span> <span class='ocrx_word' id='word_1_16' title='bbox 687 185 777 221; x_wconf 89' lang='lat' dir='ltr'>unde</span> <span class='ocrx_word' id='word_1_17' title='bbox 795 185 950 222; x_wconf 84' lang='lat' dir='ltr'>inferunt</span> <span class='ocrx_word' id='word_1_18' title='bbox 966 186 1186 230; x_wconf 78' lang='lat' dir='ltr'>interpretes</span> <span class='ocrx_word' id='word_1_19' title='bbox 1211 198 1287 221; x_wconf 85' lang='lat' dir='ltr'>cam</span> <span class='ocrx_word' id='word_1_20' title='bbox 1304 186 1400 223; x_wconf 87' lang='lat' dir='ltr'>fuisse</span> <span class='ocrx_word' id='word_1_21' title='bbox 1416 199 1513 224; x_wconf 87' lang='lat' dir='ltr'>men-</span> 
     </span>
     <span class='ocr_line' id='line_1_3' title="bbox 109 236 1510 284; baseline 0.003 -15"><span class='ocrx_word' id='word_1_22' title='bbox 109 245 180 275; x_wconf 85' lang='lat' dir='ltr'>tem</span> <span class='ocrx_word' id='word_1_23' title='bbox 195 238 357 275; x_wconf 84' lang='lat' dir='ltr'>Concilii</span> <span class='ocrx_word' id='word_1_24' title='bbox 373 267 384 280; x_wconf 78' lang='grc'>,</span> <span class='ocrx_word' id='word_1_25' title='bbox 409 250 448 275; x_wconf 80' lang='lat' dir='ltr'>ut</span> <span class='ocrx_word' id='word_1_26' title='bbox 463 240 493 273; x_wconf 84' lang='lat' dir='ltr'>in</span> <span class='ocrx_word' id='word_1_27' title='bbox 512 238 654 282; x_wconf 76' lang='lat' dir='ltr'>lingulis</span> <span class='ocrx_word' id='word_1_28' title='bbox 669 237 878 282; x_wconf 81' lang='lat' dir='ltr'>Collegatis</span> <span class='ocrx_word' id='word_1_29' title='bbox 896 236 1060 272; x_wconf 82' lang='lat' dir='ltr'>Ecclesiis</span> <span class='ocrx_word' id='word_1_30' title='bbox 1091 237 1314 281; x_wconf 77' lang='lat' dir='ltr'>erigeretur:</span> <span class='ocrx_word' id='word_1_31' title='bbox 1347 240 1510 284; x_wconf 75' lang='lat' dir='ltr'>Fagnan.</span> 
     </span>
     <span class='ocr_line' id='line_1_4' title="bbox 110 287 1509 339; baseline 0 -12"><span class='ocrx_word' id='word_1_32' title='bbox 110 288 150 327; x_wconf 74' lang='lat' dir='ltr'>in</span> <span class='ocrx_word' id='word_1_33' title='bbox 167 300 241 338; x_wconf 76' lang='lat' dir='ltr'>cap.</span> <span class='ocrx_word' id='word_1_34' title='bbox 257 294 338 339; x_wconf 69' lang='lat' dir='ltr'>quia</span> <span class='ocrx_word' id='word_1_35' title='bbox 352 290 535 327; x_wconf 73' lang='lat' dir='ltr'>nonnullis</span> <span class='ocrx_word' id='word_1_36' title='bbox 551 299 640 333; x_wconf 76' lang='lat' dir='ltr'>u.24</span> <span class='ocrx_word' id='word_1_37' title='bbox 670 290 711 324; x_wconf 78' lang='lat' dir='ltr'>de</span> <span class='ocrx_word' id='word_1_38' title='bbox 729 287 881 336; x_wconf 82' lang='lat' dir='ltr'>Magist.</span> <span class='ocrx_word' id='word_1_39' title='bbox 898 288 1068 334; x_wconf 83' lang='lat' dir='ltr'>Piringh-</span> <span class='ocrx_word' id='word_1_40' title='bbox 1092 290 1131 323; x_wconf 82' lang='lat' dir='ltr'>in</span> <span class='ocrx_word' id='word_1_41' title='bbox 1155 287 1231 335; x_wconf 77' lang='lat' dir='ltr'>Jus</span> <span class='ocrx_word' id='word_1_42' title='bbox 1249 288 1384 326; x_wconf 85' lang='lat' dir='ltr'>Canon.</span> <span class='ocrx_word' id='word_1_43' title='bbox 1402 292 1509 336; x_wconf 83' lang='lat' dir='ltr'>lib.5·.</span> 
     </span>
     <span class='ocr_line' id='line_1_5' title="bbox 108 339 1510 387; baseline -0.001 -10"><span class='ocrx_word' id='word_1_44' title='bbox 108 345 218 387; x_wconf 56' lang='lat' dir='ltr'>rins.</span> <span class='ocrx_word' id='word_1_45' title='bbox 235 339 390 386; x_wconf 65' lang='lat'>§.1.2.6.</span> <span class='ocrx_word' id='word_1_46' title='bbox 405 342 500 387; x_wconf 60' lang='lat' dir='ltr'>cers.</span> <span class='ocrx_word' id='word_1_47' title='bbox 515 342 708 376; x_wconf 73' lang='lat' dir='ltr'>notandum</span> <span class='ocrx_word' id='word_1_48' title='bbox 723 341 865 376; x_wconf 81' lang='lat' dir='ltr'>Garzia</span> <span class='ocrx_word' id='word_1_49' title='bbox 881 341 924 375; x_wconf 87' lang='lat' dir='ltr'>de</span> <span class='ocrx_word' id='word_1_50' title='bbox 943 340 1218 387; x_wconf 53' lang='lat' dir='ltr'>Benefiparts.</span> <span class='ocrx_word' id='word_1_51' title='bbox 1235 348 1351 386; x_wconf 79' lang='lat' dir='ltr'>cap.4.</span> <span class='ocrx_word' id='word_1_52' title='bbox 1370 352 1404 378; x_wconf 88' lang='lat'>2.</span> <span class='ocrx_word' id='word_1_53' title='bbox 1427 351 1510 387; x_wconf 82' lang='lat'>¹54·</span> 
     </span>
     <span class='ocr_line' id='line_1_6' title="bbox 111 390 1042 440; baseline -0.002 -10"><span class='ocrx_word' id='word_1_54' title='bbox 111 390 258 434; x_wconf 62' lang='lat' dir='ltr'>Barbas</span> <span class='ocrx_word' id='word_1_55' title='bbox 277 396 320 429; x_wconf 78' lang='lat' dir='ltr'>dc</span> <span class='ocrx_word' id='word_1_56' title='bbox 335 394 435 440; x_wconf 83' lang='lat' dir='ltr'>Offic.</span> <span class='ocrx_word' id='word_1_57' title='bbox 455 391 753 439; x_wconf 63' lang='lat' dir='ltr'>&amp;potcst.Eptsc.</span> <span class='ocrx_word' id='word_1_58' title='bbox 774 391 947 439; x_wconf 74' lang='lat' dir='ltr'>alleg.56.</span> <span class='ocrx_word' id='word_1_59' title='bbox 966 402 1042 428; x_wconf 84' lang='lat' dir='ltr'><em>n.2.</em></span> 
     </span>
    </p>

    <p class='ocr_par' dir='ltr' id='par_1_3' title="bbox 65 440 1512 636">
     <span class='ocr_line' id='line_1_7' title="bbox 65 440 1512 494; baseline -0.003 -16"><span class='ocrx_word' id='word_1_60' title='bbox 65 442 157 480; x_wconf 87' lang='lat' dir='ltr'>Sunt</span> <span class='ocrx_word' id='word_1_61' title='bbox 171 445 206 479; x_wconf 76' lang='lat'>8&lt;</span> <span class='ocrx_word' id='word_1_62' title='bbox 232 445 300 479; x_wconf 80' lang='lat' dir='ltr'>alia</span> <span class='ocrx_word' id='word_1_63' title='bbox 318 472 327 486; x_wconf 78' lang='grc'><em>,</em></span> <span class='ocrx_word' id='word_1_64' title='bbox 358 457 434 494; x_wconf 75' lang='lat' dir='ltr'>quae</span> <span class='ocrx_word' id='word_1_65' title='bbox 450 455 467 478; x_wconf 82' lang='lat' dir='ltr'>a</span> <span class='ocrx_word' id='word_1_66' title='bbox 485 443 661 488; x_wconf 61' lang='lat' dir='ltr'>capitulo</span> <span class='ocrx_word' id='word_1_67' title='bbox 677 443 713 480; x_wconf 85' lang='lat' dir='ltr'>S.</span> <span class='ocrx_word' id='word_1_68' title='bbox 737 443 832 478; x_wconf 83' lang='lat' dir='ltr'>Petri</span> <span class='ocrx_word' id='word_1_69' title='bbox 853 451 1105 489; x_wconf 89' lang='lat' dir='ltr'>proponuntur</span> <span class='ocrx_word' id='word_1_70' title='bbox 1121 469 1132 484; x_wconf 85' lang='lat'>,</span> <span class='ocrx_word' id='word_1_71' title='bbox 1149 450 1190 478; x_wconf 87' lang='lat' dir='ltr'>ut</span> <span class='ocrx_word' id='word_1_72' title='bbox 1211 441 1423 488; x_wconf 82' lang='lat' dir='ltr'>Ampliffimi</span> <span class='ocrx_word' id='word_1_73' title='bbox 1440 440 1512 479; x_wconf 88' lang='lat' dir='ltr'>Pa-</span> 
     </span>
     <span class='ocr_line' id='line_1_8' title="bbox 110 492 1510 542; baseline -0.001 -11"><span class='ocrx_word' id='word_1_74' title='bbox 110 506 182 532; x_wconf 88' lang='lat' dir='ltr'>tres</span> <span class='ocrx_word' id='word_1_75' title='bbox 200 497 416 541; x_wconf 81' lang='lat' dir='ltr'><strong>cognoscere</strong></span> <span class='ocrx_word' id='word_1_76' title='bbox 434 504 601 542; x_wconf 88' lang='lat' dir='ltr'>poterunt</span> <span class='ocrx_word' id='word_1_77' title='bbox 619 495 729 530; x_wconf 83' lang='lat' dir='ltr'>libelli</span> <span class='ocrx_word' id='word_1_78' title='bbox 748 523 758 533; x_wconf 84' lang='lat'><strong>.</strong></span> <span class='ocrx_word' id='word_1_79' title='bbox 776 494 990 539; x_wconf 77' lang='lat' dir='ltr'>Capitulum</span> <span class='ocrx_word' id='word_1_80' title='bbox 1011 492 1172 530; x_wconf 81' lang='lat' dir='ltr'>Eccleliae</span> <span class='ocrx_word' id='word_1_81' title='bbox 1189 493 1227 530; x_wconf 91' lang='lat' dir='ltr'>S.</span> <span class='ocrx_word' id='word_1_82' title='bbox 1247 493 1372 529; x_wconf 81' lang='lat' dir='ltr'>Mariae</span> <span class='ocrx_word' id='word_1_83' title='bbox 1389 493 1510 537; x_wconf 72' lang='lat' dir='ltr'>Maio-</span> 
     </span>
     <span class='ocr_line' id='line_1_9' title="bbox 113 544 1510 596; baseline -0.001 -15"><span class='ocrx_word' id='word_1_84' title='bbox 113 548 162 583; x_wconf 84' lang='lat' dir='ltr'>ris</span> <span class='ocrx_word' id='word_1_85' title='bbox 178 546 332 582; x_wconf 87' lang='lat' dir='ltr'>nondum</span> <span class='ocrx_word' id='word_1_86' title='bbox 354 549 441 596; x_wconf 71' lang='lat' dir='ltr'>jura</span> <span class='ocrx_word' id='word_1_87' title='bbox 458 546 515 581; x_wconf 84' lang='lat' dir='ltr'>sua</span> <span class='ocrx_word' id='word_1_88' title='bbox 544 546 647 583; x_wconf 87' lang='lat' dir='ltr'>nobis</span> <span class='ocrx_word' id='word_1_89' title='bbox 675 546 775 582; x_wconf 88' lang='lat' dir='ltr'>dedit</span> <span class='ocrx_word' id='word_1_90' title='bbox 792 574 801 582; x_wconf 85' lang='lat'>.</span> <span class='ocrx_word' id='word_1_91' title='bbox 832 545 994 580; x_wconf 88' lang='lat' dir='ltr'>Dubium</span> <span class='ocrx_word' id='word_1_92' title='bbox 1012 572 1024 589; x_wconf 93' lang='lat'>,</span> <span class='ocrx_word' id='word_1_93' title='bbox 1051 544 1150 593; x_wconf 91' lang='lat' dir='ltr'>quod</span> <span class='ocrx_word' id='word_1_94' title='bbox 1178 545 1396 592; x_wconf 87' lang='lat' dir='ltr'>proponitur</span> <span class='ocrx_word' id='word_1_95' title='bbox 1423 544 1510 580; x_wconf 84' lang='lat' dir='ltr'>defi-</span> 
     </span>
     <span class='ocr_line' id='line_1_10' title="bbox 121 597 379 636; baseline 0.004 -1"><span class='ocrx_word' id='word_1_96' title='bbox 121 598 287 635; x_wconf 85' lang='lat' dir='ltr'>niendum</span> <span class='ocrx_word' id='word_1_97' title='bbox 304 597 352 634; x_wconf 88' lang='lat' dir='ltr'>est</span> <span class='ocrx_word' id='word_1_98' title='bbox 371 628 379 636; x_wconf 90' lang='lat'><strong>.</strong></span> 
     </span>
    </p>

    <p class='ocr_par' dir='ltr' id='par_1_4' title="bbox 64 647 1513 698">
     <span class='ocr_line' id='line_1_11' title="bbox 64 647 1513 698; baseline -0.002 -12"><span class='ocrx_word' id='word_1_99' title='bbox 64 652 127 691; x_wconf 72' lang='lat' dir='ltr'>An</span> <span class='ocrx_word' id='word_1_100' title='bbox 133 650 187 698; x_wconf 85' lang='lat' dir='ltr'>fic</span> <span class='ocrx_word' id='word_1_101' title='bbox 204 650 292 691; x_wconf 69' lang='lat' dir='ltr'>locus</span> <span class='ocrx_word' id='word_1_102' title='bbox 310 650 487 689; x_wconf 64' lang='lat' dir='ltr'>Erefiioni</span> <span class='ocrx_word' id='word_1_103' title='bbox 515 649 710 686; x_wconf 61' lang='lat' dir='ltr'>Praebrndae</span> <span class='ocrx_word' id='word_1_104' title='bbox 732 648 953 696; x_wconf 78' lang='lat' dir='ltr'>Theologalis</span> <span class='ocrx_word' id='word_1_105' title='bbox 974 654 1014 686; x_wconf 77' lang='lat' dir='ltr'>in</span> <span class='ocrx_word' id='word_1_106' title='bbox 1043 648 1174 697; x_wconf 79' lang='lat' dir='ltr'>instgni</span> <span class='ocrx_word' id='word_1_107' title='bbox 1202 647 1412 695; x_wconf 77' lang='lat' dir='ltr'>collegiata</span> <span class='ocrx_word' id='word_1_108' title='bbox 1444 647 1477 684; x_wconf 92' lang='lat' dir='ltr'><em>E</em></span> <span class='ocrx_word' id='word_1_109' title='bbox 1481 659 1513 683; x_wconf 87' lang='lat' dir='ltr'>c-</span> 
     </span>
    </p>

    <p class='ocr_par' dir='ltr' id='par_1_5' title="bbox 158 700 811 749">
     <span class='ocr_line' id='line_1_12' title="bbox 158 700 811 749; baseline -0.005 -11"><span class='ocrx_word' id='word_1_110' title='bbox 158 701 257 749; x_wconf 75' lang='lat' dir='ltr'>clesia</span> <span class='ocrx_word' id='word_1_111' title='bbox 274 702 313 739; x_wconf 89' lang='lat' dir='ltr'>S.</span> <span class='ocrx_word' id='word_1_112' title='bbox 330 704 438 741; x_wconf 76' lang='lat' dir='ltr'>Petri</span> <span class='ocrx_word' id='word_1_113' title='bbox 465 700 578 749; x_wconf 67' lang='lat' dir='ltr'>V‘asti</span> <span class='ocrx_word' id='word_1_114' title='bbox 592 703 630 735; x_wconf 82' lang='lat' dir='ltr'>in</span> <span class='ocrx_word' id='word_1_115' title='bbox 649 700 730 748; x_wconf 74' lang='lat' dir='ltr'>casu</span> <span class='ocrx_word' id='word_1_116' title='bbox 745 702 811 744; x_wconf 57' lang='lat' dir='ltr'>&amp;a</span> 
     </span>
    </p>
   </div>
   <div class='ocr_carea' id='block_1_3' title="bbox 57 853 1511 1264">
    <p class='ocr_par' dir='ltr' id='par_1_6' title="bbox 57 853 1511 1264">
     <span class='ocr_line' id='line_1_13' title="bbox 57 853 1511 951; baseline -0.003 -57"><span class='ocrx_word' id='word_1_117' title='bbox 57 860 119 951; x_wconf 77' lang='lat' dir='ltr'>S</span> <span class='ocrx_word' id='word_1_118' title='bbox 133 855 381 907; x_wconf 78' lang='lat' dir='ltr'>AGONEN.</span> <span class='ocrx_word' id='word_1_119' title='bbox 398 855 560 893; x_wconf 83' lang='lat' dir='ltr'>Postulat</span> <span class='ocrx_word' id='word_1_120' title='bbox 575 856 822 893; x_wconf 84' lang='lat' dir='ltr'>ProVicarius</span> <span class='ocrx_word' id='word_1_121' title='bbox 839 854 1075 904; x_wconf 82' lang='lat' dir='ltr'>Apostolicus</span> <span class='ocrx_word' id='word_1_122' title='bbox 1093 854 1304 901; x_wconf 79' lang='lat' dir='ltr'>sagonenfis</span> <span class='ocrx_word' id='word_1_123' title='bbox 1321 882 1331 897; x_wconf 92' lang='lat'><strong>,</strong></span> <span class='ocrx_word' id='word_1_124' title='bbox 1367 853 1511 902; x_wconf 89' lang='lat' dir='ltr'>utquid</span> 
     </span>
     <span class='ocr_line' id='line_1_14' title="bbox 147 905 1509 956; baseline -0.003 -12"><span class='ocrx_word' id='word_1_125' title='bbox 147 907 224 944; x_wconf 85' lang='lat' dir='ltr'>fieri</span> <span class='ocrx_word' id='word_1_126' title='bbox 239 907 370 951; x_wconf 76' lang='lat' dir='ltr'>debeat</span> <span class='ocrx_word' id='word_1_127' title='bbox 382 908 417 943; x_wconf 92' lang='lat' dir='ltr'>in</span> <span class='ocrx_word' id='word_1_128' title='bbox 435 910 489 943; x_wconf 82' lang='lat' dir='ltr'>his</span> <span class='ocrx_word' id='word_1_129' title='bbox 506 935 516 951; x_wconf 77' lang='grc'><strong>,</strong></span> <span class='ocrx_word' id='word_1_130' title='bbox 545 920 636 956; x_wconf 80' lang='lat' dir='ltr'>quos</span> <span class='ocrx_word' id='word_1_131' title='bbox 652 907 839 955; x_wconf 86' lang='lat' dir='ltr'>adjicimus</span> <span class='ocrx_word' id='word_1_132' title='bbox 855 936 865 952; x_wconf 86' lang='lat'><strong>‚</strong></span> <span class='ocrx_word' id='word_1_133' title='bbox 882 907 1019 944; x_wconf 81' lang='lat' dir='ltr'>casibus</span> <span class='ocrx_word' id='word_1_134' title='bbox 1035 934 1045 949; x_wconf 91' lang='lat'><strong>‚</strong></span> <span class='ocrx_word' id='word_1_135' title='bbox 1078 905 1348 943; x_wconf 84' lang='lat' dir='ltr'>Eminentiffimi</span> <span class='ocrx_word' id='word_1_136' title='bbox 1383 905 1509 941; x_wconf 87' lang='lat' dir='ltr'>Patres</span> 
     </span>
     <span class='ocr_line' id='line_1_15' title="bbox 107 955 1509 1007; baseline -0.003 -11"><span class='ocrx_word' id='word_1_137' title='bbox 107 960 326 1004; x_wconf 73' lang='lat' dir='ltr'>decernant,;</span> <span class='ocrx_word' id='word_1_138' title='bbox 356 960 407 994; x_wconf 88' lang='lat' dir='ltr'>At</span> <span class='ocrx_word' id='word_1_139' title='bbox 435 961 534 1002; x_wconf 82' lang='lat' dir='ltr'>ille„</span> <span class='ocrx_word' id='word_1_140' title='bbox 566 961 660 995; x_wconf 82' lang='lat' dir='ltr'>luter</span> <span class='ocrx_word' id='word_1_141' title='bbox 674 959 744 995; x_wconf 88' lang='lat' dir='ltr'>alia</span> <span class='ocrx_word' id='word_1_142' title='bbox 761 986 772 1001; x_wconf 92' lang='lat'>‚</span> <span class='ocrx_word' id='word_1_143' title='bbox 803 972 872 1006; x_wconf 93' lang='lat' dir='ltr'>qu.</span> <span class='ocrx_word' id='word_1_144' title='bbox 902 961 959 996; x_wconf 86' lang='lat' dir='ltr'>hic</span> <span class='ocrx_word' id='word_1_145' title='bbox 984 958 1239 1007; x_wconf 83' lang='lat' dir='ltr'>illacrymanda</span> <span class='ocrx_word' id='word_1_146' title='bbox 1254 956 1372 994; x_wconf 77' lang='lat' dir='ltr'>inveni</span> <span class='ocrx_word' id='word_1_147' title='bbox 1390 983 1401 999; x_wconf 89' lang='lat'><strong>‚</strong></span> <span class='ocrx_word' id='word_1_148' title='bbox 1431 955 1509 992; x_wconf 86' lang='lat' dir='ltr'>sunt</span> 
     </span>
     <span class='ocr_line' id='line_1_16' title="bbox 107 1007 1511 1058; baseline -0.004 -11"><span class='ocrx_word' id='word_1_149' title='bbox 107 1039 134 1056; x_wconf 80' lang='lat'>‚‚</span> <span class='ocrx_word' id='word_1_150' title='bbox 163 1023 232 1047; x_wconf 89' lang='lat' dir='ltr'>non</span> <span class='ocrx_word' id='word_1_151' title='bbox 261 1010 366 1058; x_wconf 87' lang='lat' dir='ltr'>pauci</span> <span class='ocrx_word' id='word_1_152' title='bbox 383 1010 543 1047; x_wconf 76' lang='lat' dir='ltr'>Diaconi</span> <span class='ocrx_word' id='word_1_153' title='bbox 563 1038 574 1053; x_wconf 84' lang='grc'>,</span> <span class='ocrx_word' id='word_1_154' title='bbox 598 1012 633 1047; x_wconf 88' lang='lat'>&amp;</span> <span class='ocrx_word' id='word_1_155' title='bbox 651 1011 862 1047; x_wconf 63' lang='lat' dir='ltr'>Sacerdotes</span> <span class='ocrx_word' id='word_1_156' title='bbox 889 1012 1033 1047; x_wconf 88' lang='lat' dir='ltr'>nulliter</span> <span class='ocrx_word' id='word_1_157' title='bbox 1059 1010 1215 1058; x_wconf 88' lang='lat' dir='ltr'>promoti</span> <span class='ocrx_word' id='word_1_158' title='bbox 1234 1009 1276 1045; x_wconf 88' lang='lat' dir='ltr'>ad</span> <span class='ocrx_word' id='word_1_159' title='bbox 1291 1010 1422 1044; x_wconf 89' lang='lat' dir='ltr'>Sacros</span> <span class='ocrx_word' id='word_1_160' title='bbox 1438 1007 1511 1043; x_wconf 89' lang='lat' dir='ltr'>Or-</span> 
     </span>
     <span class='ocr_line' id='line_1_17' title="bbox 106 1058 1507 1109; baseline -0.004 -11"><span class='ocrx_word' id='word_1_161' title='bbox 106 1090 135 1108; x_wconf 78' lang='lat'><strong>„</strong></span> <span class='ocrx_word' id='word_1_162' title='bbox 163 1062 263 1100; x_wconf 85' lang='lat' dir='ltr'>dines</span> <span class='ocrx_word' id='word_1_163' title='bbox 291 1059 434 1098; x_wconf 66' lang='lat' dir='ltr'>defe&amp;u</span> <span class='ocrx_word' id='word_1_164' title='bbox 450 1061 661 1098; x_wconf 88' lang='lat' dir='ltr'>Patrimonii</span> <span class='ocrx_word' id='word_1_165' title='bbox 679 1061 904 1100; x_wconf 74' lang='lat' dir='ltr'>sufficientis:</span> <span class='ocrx_word' id='word_1_166' title='bbox 934 1064 1008 1098; x_wconf 79' lang='lat' dir='ltr'>Ali«</span> <span class='ocrx_word' id='word_1_167' title='bbox 1026 1090 1037 1105; x_wconf 87' lang='lat'><em>‚</em></span> <span class='ocrx_word' id='word_1_168' title='bbox 1065 1062 1151 1109; x_wconf 91' lang='lat' dir='ltr'>quia</span> <span class='ocrx_word' id='word_1_169' title='bbox 1180 1061 1327 1096; x_wconf 85' lang='lat' dir='ltr'>nulliter</span> <span class='ocrx_word' id='word_1_170' title='bbox 1356 1058 1507 1103; x_wconf 84' lang='lat' dir='ltr'>affigna-</span> 
     </span>
     <span class='ocr_line' id='line_1_18' title="bbox 109 1109 1502 1159; baseline -0.004 -10"><span class='ocrx_word' id='word_1_171' title='bbox 109 1141 136 1158; x_wconf 90' lang='lat'>„</span> <span class='ocrx_word' id='word_1_172' title='bbox 163 1123 240 1149; x_wconf 85' lang='lat' dir='ltr'>tum</span> <span class='ocrx_word' id='word_1_173' title='bbox 258 1125 276 1149; x_wconf 74' lang='lat' dir='ltr'>a</span> <span class='ocrx_word' id='word_1_174' title='bbox 291 1112 500 1150; x_wconf 86' lang='lat' dir='ltr'>mulieribus</span> <span class='ocrx_word' id='word_1_175' title='bbox 515 1112 696 1149; x_wconf 84' lang='lat' dir='ltr'>destitutis</span> <span class='ocrx_word' id='word_1_176' title='bbox 712 1114 874 1150; x_wconf 77' lang='lat' dir='ltr'>consensu</span> <span class='ocrx_word' id='word_1_177' title='bbox 897 1118 1122 1159; x_wconf 67' lang='lat' dir='ltr'>Agnaeorum</span> <span class='ocrx_word' id='word_1_178' title='bbox 1149 1113 1254 1158; x_wconf 83' lang='lat' dir='ltr'>juxta</span> <span class='ocrx_word' id='word_1_179' title='bbox 1271 1109 1400 1147; x_wconf 80' lang='lat' dir='ltr'>statuta</span> <span class='ocrx_word' id='word_1_180' title='bbox 1415 1109 1502 1152; x_wconf 82' lang='lat' dir='ltr'>loci,</span> 
     </span>
     <span class='ocr_line' id='line_1_19' title="bbox 109 1159 1508 1212; baseline -0.004 -11"><span class='ocrx_word' id='word_1_181' title='bbox 109 1192 139 1208; x_wconf 75' lang='lat'>‚‚</span> <span class='ocrx_word' id='word_1_182' title='bbox 165 1164 200 1200; x_wconf 82' lang='lat'>8&lt;</span> <span class='ocrx_word' id='word_1_183' title='bbox 218 1163 419 1201; x_wconf 84' lang='lat' dir='ltr'>Laudemio</span> <span class='ocrx_word' id='word_1_184' title='bbox 437 1164 624 1201; x_wconf 79' lang='lat' dir='ltr'>Potestatis</span> <span class='ocrx_word' id='word_1_185' title='bbox 642 1165 759 1200; x_wconf 79' lang='lat' dir='ltr'>Laicae</span> <span class='ocrx_word' id='word_1_186' title='bbox 772 1165 840 1202; x_wconf 83' lang='lat' dir='ltr'>fuit</span> <span class='ocrx_word' id='word_1_187' title='bbox 857 1166 1052 1212; x_wconf 67' lang='lat' dir='ltr'>illegitimae</span> <span class='ocrx_word' id='word_1_188' title='bbox 1078 1163 1323 1198; x_wconf 81' lang='lat' dir='ltr'>confirmatum</span> <span class='ocrx_word' id='word_1_189' title='bbox 1354 1174 1372 1198; x_wconf 92' lang='lat' dir='ltr'>a</span> <span class='ocrx_word' id='word_1_190' title='bbox 1391 1159 1508 1197; x_wconf 81' lang='lat' dir='ltr'>Vica-</span> 
     </span>
     <span class='ocr_line' id='line_1_20' title="bbox 106 1211 1508 1264; baseline -0.009 -4"><span class='ocrx_word' id='word_1_191' title='bbox 106 1243 132 1262; x_wconf 68' lang='grc' dir='ltr'><strong>υ</strong></span> <span class='ocrx_word' id='word_1_192' title='bbox 162 1216 218 1252; x_wconf 79' lang='lat' dir='ltr'>rio</span> <span class='ocrx_word' id='word_1_193' title='bbox 234 1214 430 1259; x_wconf 66' lang='lat' dir='ltr'>Generalis</span> <span class='ocrx_word' id='word_1_194' title='bbox 460 1216 495 1252; x_wconf 64' lang='grc' dir='ltr'>ἃ</span> <span class='ocrx_word' id='word_1_195' title='bbox 513 1217 595 1252; x_wconf 76' lang='lat' dir='ltr'>ideo</span> <span class='ocrx_word' id='word_1_196' title='bbox 611 1228 679 1251; x_wconf 78' lang='lat' dir='ltr'>non</span> <span class='ocrx_word' id='word_1_197' title='bbox 712 1229 826 1262; x_wconf 78' lang='lat' dir='ltr'>pauca</span> <span class='ocrx_word' id='word_1_198' title='bbox 857 1216 1057 1264; x_wconf 80' lang='lat' dir='ltr'>hujusmodi</span> <span class='ocrx_word' id='word_1_199' title='bbox 1091 1215 1307 1250; x_wconf 68' lang='lat' dir='ltr'>Patrimonia</span> <span class='ocrx_word' id='word_1_200' title='bbox 1333 1211 1508 1248; x_wconf 78' lang='lat' dir='ltr'>irritanda</span> 
     </span>
    </p>
   </div>
   <div class='ocr_carea' id='block_1_4' title="bbox 1547 848 1750 926">
    <p class='ocr_par' dir='ltr' id='par_1_7' title="bbox 1547 848 1750 926">
     <span class='ocr_line' id='line_1_21' title="bbox 1547 848 1750 888; baseline -0.005 -9"><span class='ocrx_word' id='word_1_201' title='bbox 1547 848 1668 888; x_wconf 69' lang='lat' dir='ltr'>Sesmr.</span> <span class='ocrx_word' id='word_1_202' title='bbox 1689 857 1750 883; x_wconf 72' lang='grc' dir='ltr'>ω..</span> 
     </span>
     <span class='ocr_line' id='line_1_22' title="bbox 1550 890 1716 926; baseline -0.006 -7"><span class='ocrx_word' id='word_1_203' title='bbox 1550 890 1586 919; x_wconf 77' lang='lat' dir='ltr'>de</span> <span class='ocrx_word' id='word_1_204' title='bbox 1596 893 1694 926; x_wconf 79' lang='lat' dir='ltr'><em>reform</em></span> <span class='ocrx_word' id='word_1_205' title='bbox 1707 908 1716 918; x_wconf 88' lang='lat'><strong>.</strong></span> 
     </span>
    </p>
   </div>
   <div class='ocr_carea' id='block_1_5' title="bbox 104 1263 1564 1315">
    <p class='ocr_par' dir='ltr' id='par_1_8' title="bbox 104 1263 1564 1315">
     <span class='ocr_line' id='line_1_23' title="bbox 104 1263 1564 1315; baseline -0.005 -11"><span class='ocrx_word' id='word_1_206' title='bbox 104 1295 132 1313; x_wconf 85' lang='lat'>„</span> <span class='ocrx_word' id='word_1_207' title='bbox 159 1268 334 1305; x_wconf 79' lang='lat' dir='ltr'>veniunt:</span> <span class='ocrx_word' id='word_1_208' title='bbox 365 1267 444 1303; x_wconf 87' lang='lat' dir='ltr'>Alii</span> <span class='ocrx_word' id='word_1_209' title='bbox 458 1268 596 1303; x_wconf 82' lang='lat' dir='ltr'>ratione</span> <span class='ocrx_word' id='word_1_210' title='bbox 616 1267 743 1303; x_wconf 87' lang='lat' dir='ltr'>abusus</span> <span class='ocrx_word' id='word_1_211' title='bbox 773 1269 969 1305; x_wconf 64' lang='lat' dir='ltr'>introdusti</span> <span class='ocrx_word' id='word_1_212' title='bbox 996 1280 1057 1315; x_wconf 88' lang='lat' dir='ltr'>per</span> <span class='ocrx_word' id='word_1_213' title='bbox 1087 1266 1285 1312; x_wconf 72' lang='lat' dir='ltr'>hpiscopos</span> <span class='ocrx_word' id='word_1_214' title='bbox 1317 1263 1510 1309; x_wconf 76' lang='lat' dir='ltr'>affignandi</span> <span class='ocrx_word' id='word_1_215' title='bbox 1560 1268 1564 1298; x_wconf 77' lang='lat' dir='ltr'>j</span> 
     </span>
    </p>
   </div>
   <div class='ocr_carea' id='block_1_6' title="bbox 59 1316 1517 1979">
    <p class='ocr_par' dir='ltr' id='par_1_9' title="bbox 59 1316 1517 1979">
     <span class='ocr_line' id='line_1_24' title="bbox 105 1316 1509 1367; baseline -0.005 -11"><span class='ocrx_word' id='word_1_216' title='bbox 105 1346 131 1364; x_wconf 85' lang='lat'>‚‚</span> <span class='ocrx_word' id='word_1_217' title='bbox 161 1318 368 1356; x_wconf 65' lang='lat' dir='ltr'>Clericis‘in</span> <span class='ocrx_word' id='word_1_218' title='bbox 384 1319 639 1355; x_wconf 84' lang='lat' dir='ltr'>Patrimonium</span> <span class='ocrx_word' id='word_1_219' title='bbox 653 1319 820 1367; x_wconf 80' lang='lat' dir='ltr'>quasdam</span> <span class='ocrx_word' id='word_1_220' title='bbox 837 1319 1093 1367; x_wconf 81' lang='lat' dir='ltr'>Caupellanias</span> <span class='ocrx_word' id='word_1_221' title='bbox 1110 1317 1275 1354; x_wconf 82' lang='lat' dir='ltr'>Laicales</span> <span class='ocrx_word' id='word_1_222' title='bbox 1287 1316 1509 1365; x_wconf 72' lang='lat' dir='ltr'>jurispatro-</span> 
     </span>
     <span class='ocr_line' id='line_1_25' title="bbox 108 1363 1509 1418; baseline -0.003 -13"><span class='ocrx_word' id='word_1_223' title='bbox 108 1395 137 1416; x_wconf 82' lang='lat'>‚‚</span> <span class='ocrx_word' id='word_1_224' title='bbox 165 1379 268 1406; x_wconf 84' lang='lat' dir='ltr'>natus</span> <span class='ocrx_word' id='word_1_225' title='bbox 295 1368 400 1406; x_wconf 90' lang='lat' dir='ltr'>Laici</span> <span class='ocrx_word' id='word_1_226' title='bbox 423 1379 548 1406; x_wconf 82' lang='lat' dir='ltr'>contra</span> <span class='ocrx_word' id='word_1_227' title='bbox 575 1380 724 1405; x_wconf 84' lang='lat' dir='ltr'>mentem</span> <span class='ocrx_word' id='word_1_228' title='bbox 739 1363 964 1409; x_wconf 73' lang='lat' dir='ltr'>fundatorum</span> <span class='ocrx_word' id='word_1_229' title='bbox 982 1398 991 1413; x_wconf 92' lang='lat'>‚</span> <span class='ocrx_word' id='word_1_230' title='bbox 1021 1370 1082 1418; x_wconf 89' lang='lat' dir='ltr'>qui</span> <span class='ocrx_word' id='word_1_231' title='bbox 1108 1368 1180 1404; x_wconf 79' lang='lat' dir='ltr'>fere</span> <span class='ocrx_word' id='word_1_232' title='bbox 1198 1379 1320 1403; x_wconf 87' lang='lat' dir='ltr'>omnes</span> <span class='ocrx_word' id='word_1_233' title='bbox 1349 1368 1382 1401; x_wconf 87' lang='lat' dir='ltr'>in</span> <span class='ocrx_word' id='word_1_234' title='bbox 1400 1377 1509 1401; x_wconf 84' lang='lat' dir='ltr'>unum</span> 
     </span>
     <span class='ocr_line' id='line_1_26' title="bbox 109 1417 1515 1470; baseline -0.004 -13"><span class='ocrx_word' id='word_1_235' title='bbox 109 1448 135 1467; x_wconf 84' lang='lat'>‚‚</span> <span class='ocrx_word' id='word_1_236' title='bbox 164 1420 389 1466; x_wconf 61' lang='lat' dir='ltr'>consentiunt</span> <span class='ocrx_word' id='word_1_237' title='bbox 407 1446 417 1463; x_wconf 86' lang='lat'>,</span> <span class='ocrx_word' id='word_1_238' title='bbox 449 1429 489 1456; x_wconf 90' lang='lat' dir='ltr'>ut</span> <span class='ocrx_word' id='word_1_239' title='bbox 504 1420 722 1469; x_wconf 82' lang='lat' dir='ltr'>Cappellani</span> <span class='ocrx_word' id='word_1_240' title='bbox 739 1435 804 1469; x_wconf 88' lang='lat' dir='ltr'>pro</span> <span class='ocrx_word' id='word_1_241' title='bbox 817 1433 978 1470; x_wconf 82' lang='lat' dir='ltr'>tempore</span> <span class='ocrx_word' id='word_1_242' title='bbox 999 1418 1191 1466; x_wconf 76' lang='lat' dir='ltr'>assignandi</span> <span class='ocrx_word' id='word_1_243' title='bbox 1209 1417 1273 1454; x_wconf 75' lang='lat' dir='ltr'>lint</span> <span class='ocrx_word' id='word_1_244' title='bbox 1289 1421 1403 1456; x_wconf 88' lang='lat' dir='ltr'>Cives</span> <span class='ocrx_word' id='word_1_245' title='bbox 1420 1417 1515 1453; x_wconf 82' lang='lat' dir='ltr'>Cal-</span> 
     </span>
     <span class='ocr_line' id='line_1_27' title="bbox 108 1470 1511 1518; baseline -0.006 -8"><span class='ocrx_word' id='word_1_246' title='bbox 108 1499 135 1518; x_wconf 85' lang='lat'>„</span> <span class='ocrx_word' id='word_1_247' title='bbox 163 1473 201 1509; x_wconf 88' lang='lat' dir='ltr'>vi</span> <span class='ocrx_word' id='word_1_248' title='bbox 216 1499 226 1514; x_wconf 78' lang='grc'><em>,</em></span> <span class='ocrx_word' id='word_1_249' title='bbox 248 1471 307 1506; x_wconf 83' lang='lat' dir='ltr'>hic</span> <span class='ocrx_word' id='word_1_250' title='bbox 323 1472 526 1508; x_wconf 83' lang='lat' dir='ltr'>inhabitent</span> <span class='ocrx_word' id='word_1_251' title='bbox 541 1498 552 1514; x_wconf 89' lang='lat'>‚</span> <span class='ocrx_word' id='word_1_252' title='bbox 570 1473 604 1508; x_wconf 77' lang='lat'>8&lt;</span> <span class='ocrx_word' id='word_1_253' title='bbox 625 1472 747 1510; x_wconf 81' lang='lat' dir='ltr'>Missas</span> <span class='ocrx_word' id='word_1_254' title='bbox 762 1474 985 1510; x_wconf 82' lang='lat' dir='ltr'>celebrentin</span> <span class='ocrx_word' id='word_1_255' title='bbox 1005 1470 1171 1508; x_wconf 79' lang='lat' dir='ltr'>Ecclesiis</span> <span class='ocrx_word' id='word_1_256' title='bbox 1188 1470 1294 1506; x_wconf 84' lang='lat' dir='ltr'>Calvi</span> <span class='ocrx_word' id='word_1_257' title='bbox 1318 1497 1328 1512; x_wconf 85' lang='lat'><strong>‚</strong></span> <span class='ocrx_word' id='word_1_258' title='bbox 1354 1479 1511 1517; x_wconf 90' lang='lat' dir='ltr'>quorum</span> 
     </span>
     <span class='ocr_line' id='line_1_28' title="bbox 110 1520 1509 1571; baseline -0.006 -11"><span class='ocrx_word' id='word_1_259' title='bbox 110 1553 136 1570; x_wconf 84' lang='lat'>‚,</span> <span class='ocrx_word' id='word_1_260' title='bbox 164 1524 335 1560; x_wconf 85' lang='lat' dir='ltr'>voluntas</span> <span class='ocrx_word' id='word_1_261' title='bbox 349 1524 444 1563; x_wconf 75' lang='lat' dir='ltr'>clare</span> <span class='ocrx_word' id='word_1_262' title='bbox 460 1532 583 1571; x_wconf 90' lang='lat' dir='ltr'>patens</span> <span class='ocrx_word' id='word_1_263' title='bbox 599 1534 641 1558; x_wconf 84' lang='lat' dir='ltr'>ex</span> <span class='ocrx_word' id='word_1_264' title='bbox 653 1524 809 1561; x_wconf 77' lang='lat' dir='ltr'>Tabulis</span> <span class='ocrx_word' id='word_1_265' title='bbox 823 1524 1110 1561; x_wconf 67' lang='lat' dir='ltr'>Testamentiriis</span> <span class='ocrx_word' id='word_1_266' title='bbox 1126 1534 1209 1556; x_wconf 85' lang='lat' dir='ltr'>raro</span> <span class='ocrx_word' id='word_1_267' title='bbox 1225 1521 1339 1569; x_wconf 82' lang='lat' dir='ltr'>locum</span> <span class='ocrx_word' id='word_1_268' title='bbox 1357 1520 1482 1554; x_wconf 84' lang='lat' dir='ltr'>&#39;nabuit</span> <span class='ocrx_word' id='word_1_269' title='bbox 1497 1544 1509 1560; x_wconf 93' lang='lat'><strong>‚</strong></span> 
     </span>
     <span class='ocr_line' id='line_1_29' title="bbox 117 1569 1513 1621; baseline -0.003 -11"><span class='ocrx_word' id='word_1_270' title='bbox 117 1603 143 1619; x_wconf 79' lang='lat'>„</span> <span class='ocrx_word' id='word_1_271' title='bbox 175 1574 209 1610; x_wconf 74' lang='lat'>8&lt;</span> <span class='ocrx_word' id='word_1_272' title='bbox 225 1584 265 1609; x_wconf 89' lang='lat' dir='ltr'>ut</span> <span class='ocrx_word' id='word_1_273' title='bbox 279 1575 474 1621; x_wconf 86' lang='lat' dir='ltr'>plurimum</span> <span class='ocrx_word' id='word_1_274' title='bbox 490 1575 646 1610; x_wconf 84' lang='lat' dir='ltr'>nondum</span> <span class='ocrx_word' id='word_1_275' title='bbox 665 1575 851 1612; x_wconf 83' lang='lat' dir='ltr'>consecuta</span> <span class='ocrx_word' id='word_1_276' title='bbox 866 1576 935 1612; x_wconf 90' lang='lat' dir='ltr'>fuit</span> <span class='ocrx_word' id='word_1_277' title='bbox 952 1577 1048 1612; x_wconf 78' lang='lat' dir='ltr'>suum</span> <span class='ocrx_word' id='word_1_278' title='bbox 1066 1572 1231 1609; x_wconf 63' lang='lat' dir='ltr'>effeetum</span> <span class='ocrx_word' id='word_1_279' title='bbox 1249 1586 1277 1616; x_wconf 69' lang='grc' dir='ltr'>,ς</span> <span class='ocrx_word' id='word_1_280' title='bbox 1295 1600 1304 1610; x_wconf 87' lang='grc'><strong>.</strong></span> <span class='ocrx_word' id='word_1_281' title='bbox 1322 1573 1408 1607; x_wconf 77' lang='lat' dir='ltr'>Haec</span> <span class='ocrx_word' id='word_1_282' title='bbox 1424 1569 1485 1605; x_wconf 89' lang='lat' dir='ltr'>ille</span> <span class='ocrx_word' id='word_1_283' title='bbox 1501 1595 1513 1606; x_wconf 83' lang='lat'><strong>.</strong></span> 
     </span>
     <span class='ocr_line' id='line_1_30' title="bbox 59 1623 1513 1675; baseline -0.006 -12"><span class='ocrx_word' id='word_1_284' title='bbox 59 1627 142 1667; x_wconf 89' lang='lat' dir='ltr'>Nos</span> <span class='ocrx_word' id='word_1_285' title='bbox 159 1635 275 1662; x_wconf 85' lang='lat' dir='ltr'>autem</span> <span class='ocrx_word' id='word_1_286' title='bbox 293 1652 303 1667; x_wconf 82' lang='lat'>‚</span> <span class='ocrx_word' id='word_1_287' title='bbox 334 1635 373 1661; x_wconf 88' lang='lat' dir='ltr'>ut</span> <span class='ocrx_word' id='word_1_288' title='bbox 401 1624 757 1663; x_wconf 86' lang='lat' dir='ltr'>Eminentiffimorum</span> <span class='ocrx_word' id='word_1_289' title='bbox 785 1628 929 1664; x_wconf 80' lang='lat' dir='ltr'>Parrum</span> <span class='ocrx_word' id='word_1_290' title='bbox 953 1625 1267 1675; x_wconf 85' lang='lat' dir='ltr'>jurisprudentiam</span> <span class='ocrx_word' id='word_1_291' title='bbox 1291 1623 1513 1662; x_wconf 74' lang='lat' dir='ltr'>excitemus,</span> 
     </span>
     <span class='ocr_line' id='line_1_31' title="bbox 112 1672 1517 1726; baseline -0.006 -13"><span class='ocrx_word' id='word_1_292' title='bbox 112 1678 255 1714; x_wconf 87' lang='lat' dir='ltr'>modum</span> <span class='ocrx_word' id='word_1_293' title='bbox 274 1676 542 1722; x_wconf 86' lang='lat' dir='ltr'>expendendum</span> <span class='ocrx_word' id='word_1_294' title='bbox 569 1677 688 1712; x_wconf 88' lang='lat' dir='ltr'>iisdem</span> <span class='ocrx_word' id='word_1_295' title='bbox 721 1680 959 1726; x_wconf 87' lang='lat' dir='ltr'>proponimus</span> <span class='ocrx_word' id='word_1_296' title='bbox 979 1704 990 1720; x_wconf 74' lang='lat'><em>„</em></span> <span class='ocrx_word' id='word_1_297' title='bbox 1016 1688 1089 1725; x_wconf 90' lang='lat' dir='ltr'>quo</span> <span class='ocrx_word' id='word_1_298' title='bbox 1122 1685 1165 1710; x_wconf 86' lang='lat' dir='ltr'>ex</span> <span class='ocrx_word' id='word_1_299' title='bbox 1193 1675 1248 1708; x_wconf 86' lang='lat' dir='ltr'>his</span> <span class='ocrx_word' id='word_1_300' title='bbox 1275 1672 1517 1709; x_wconf 78' lang='lat' dir='ltr'>incommodis</span> 
     </span>
     <span class='ocr_line' id='line_1_32' title="bbox 112 1725 1516 1774; baseline -0.005 -9"><span class='ocrx_word' id='word_1_301' title='bbox 112 1727 258 1766; x_wconf 83' lang='lat' dir='ltr'>occurri</span> <span class='ocrx_word' id='word_1_302' title='bbox 277 1726 380 1774; x_wconf 81' lang='lat' dir='ltr'>possit</span> <span class='ocrx_word' id='word_1_303' title='bbox 395 1754 405 1769; x_wconf 87' lang='lat'><strong>‚</strong></span> <span class='ocrx_word' id='word_1_304' title='bbox 441 1728 475 1764; x_wconf 82' lang='grc'>8(</span> <span class='ocrx_word' id='word_1_305' title='bbox 493 1729 694 1764; x_wconf 87' lang='lat' dir='ltr'>voluntates</span> <span class='ocrx_word' id='word_1_306' title='bbox 709 1729 938 1767; x_wconf 82' lang='lat' dir='ltr'>Testatorum</span> <span class='ocrx_word' id='word_1_307' title='bbox 955 1728 1109 1768; x_wconf 83' lang='lat' dir='ltr'>servari,</span> <span class='ocrx_word' id='word_1_308' title='bbox 1131 1725 1229 1761; x_wconf 86' lang='lat' dir='ltr'>salvo</span> <span class='ocrx_word' id='word_1_309' title='bbox 1242 1734 1357 1760; x_wconf 87' lang='lat' dir='ltr'>tamen</span> <span class='ocrx_word' id='word_1_310' title='bbox 1371 1750 1382 1766; x_wconf 88' lang='lat'>,</span> <span class='ocrx_word' id='word_1_311' title='bbox 1399 1735 1516 1771; x_wconf 89' lang='lat' dir='ltr'>quan·-</span> 
     </span>
     <span class='ocr_line' id='line_1_33' title="bbox 115 1774 1517 1826; baseline -0.005 -10"><span class='ocrx_word' id='word_1_312' title='bbox 115 1790 191 1816; x_wconf 88' lang='lat' dir='ltr'>tum</span> <span class='ocrx_word' id='word_1_313' title='bbox 205 1777 282 1814; x_wconf 86' lang='lat' dir='ltr'>fieri</span> <span class='ocrx_word' id='word_1_314' title='bbox 299 1776 414 1826; x_wconf 89' lang='lat' dir='ltr'>potest</span> <span class='ocrx_word' id='word_1_315' title='bbox 428 1808 439 1824; x_wconf 87' lang='lat'>‚</span> <span class='ocrx_word' id='word_1_316' title='bbox 469 1778 679 1815; x_wconf 87' lang='lat' dir='ltr'>sacerdotali</span> <span class='ocrx_word' id='word_1_317' title='bbox 694 1781 824 1816; x_wconf 91' lang='lat' dir='ltr'>decore</span> <span class='ocrx_word' id='word_1_318' title='bbox 839 1806 851 1822; x_wconf 76' lang='grc'>,</span> <span class='ocrx_word' id='word_1_319' title='bbox 878 1782 911 1816; x_wconf 53' lang='grc' dir='ltr'>δε</span> <span class='ocrx_word' id='word_1_320' title='bbox 931 1777 1108 1815; x_wconf 83' lang='lat' dir='ltr'>honestate</span> <span class='ocrx_word' id='word_1_321' title='bbox 1137 1774 1394 1812; x_wconf 80' lang='lat' dir='ltr'>ecclefiastica-</span> <span class='ocrx_word' id='word_1_322' title='bbox 1420 1776 1517 1811; x_wconf 87' lang='lat' dir='ltr'>Cer-</span> 
     </span>
     <span class='ocr_line' id='line_1_34' title="bbox 114 1825 1514 1877; baseline -0.005 -10"><span class='ocrx_word' id='word_1_323' title='bbox 114 1840 190 1867; x_wconf 87' lang='lat' dir='ltr'>tum</span> <span class='ocrx_word' id='word_1_324' title='bbox 206 1830 369 1877; x_wconf 84' lang='lat' dir='ltr'>equidem</span> <span class='ocrx_word' id='word_1_325' title='bbox 397 1830 443 1864; x_wconf 85' lang='lat' dir='ltr'>est</span> <span class='ocrx_word' id='word_1_326' title='bbox 459 1857 470 1872; x_wconf 86' lang='lat'>‚</span> <span class='ocrx_word' id='word_1_327' title='bbox 489 1842 551 1865; x_wconf 88' lang='lat' dir='ltr'>eos</span> <span class='ocrx_word' id='word_1_328' title='bbox 569 1857 579 1872; x_wconf 81' lang='grc'><strong>,</strong></span> <span class='ocrx_word' id='word_1_329' title='bbox 594 1831 656 1877; x_wconf 91' lang='lat' dir='ltr'>qui</span> <span class='ocrx_word' id='word_1_330' title='bbox 673 1831 716 1867; x_wconf 91' lang='lat' dir='ltr'>ad</span> <span class='ocrx_word' id='word_1_331' title='bbox 733 1831 863 1867; x_wconf 85' lang='lat' dir='ltr'>Sacros</span> <span class='ocrx_word' id='word_1_332' title='bbox 881 1832 1037 1868; x_wconf 85' lang='lat' dir='ltr'>Ordines</span> <span class='ocrx_word' id='word_1_333' title='bbox 1055 1827 1213 1876; x_wconf 89' lang='lat' dir='ltr'>promoti</span> <span class='ocrx_word' id='word_1_334' title='bbox 1229 1827 1375 1862; x_wconf 85' lang='lat' dir='ltr'>fuerunt</span> <span class='ocrx_word' id='word_1_335' title='bbox 1390 1825 1514 1861; x_wconf 87' lang='lat' dir='ltr'>Patri-</span> 
     </span>
     <span class='ocr_line' id='line_1_35' title="bbox 112 1875 1514 1930; baseline -0.005 -13"><span class='ocrx_word' id='word_1_336' title='bbox 112 1881 241 1917; x_wconf 88' lang='lat' dir='ltr'>moniis</span> <span class='ocrx_word' id='word_1_337' title='bbox 260 1879 451 1926; x_wconf 71' lang='lat' dir='ltr'>illegitime</span> <span class='ocrx_word' id='word_1_338' title='bbox 466 1880 644 1927; x_wconf 74' lang='lat' dir='ltr'>assignatis</span> <span class='ocrx_word' id='word_1_339' title='bbox 662 1907 672 1923; x_wconf 87' lang='lat'><strong>‚</strong></span> <span class='ocrx_word' id='word_1_340' title='bbox 693 1892 753 1917; x_wconf 89' lang='lat' dir='ltr'>aut</span> <span class='ocrx_word' id='word_1_341' title='bbox 765 1882 1016 1930; x_wconf 85' lang='lat' dir='ltr'>Cappellaniis</span> <span class='ocrx_word' id='word_1_342' title='bbox 1032 1878 1285 1916; x_wconf 83' lang='lat' dir='ltr'>amovibilibus</span> <span class='ocrx_word' id='word_1_343' title='bbox 1300 1903 1311 1918; x_wconf 83' lang='grc'><em>,</em></span> <span class='ocrx_word' id='word_1_344' title='bbox 1345 1875 1514 1924; x_wconf 87' lang='lat' dir='ltr'>ipsojure</span> 
     </span>
     <span class='ocr_line' id='line_1_36' title="bbox 115 1928 1515 1979; baseline -0.005 -10"><span class='ocrx_word' id='word_1_345' title='bbox 115 1934 160 1969; x_wconf 91' lang='lat' dir='ltr'>ab</span> <span class='ocrx_word' id='word_1_346' title='bbox 177 1931 343 1968; x_wconf 87' lang='lat' dir='ltr'>ordinum</span> <span class='ocrx_word' id='word_1_347' title='bbox 361 1932 537 1968; x_wconf 85' lang='lat' dir='ltr'>exercitio</span> <span class='ocrx_word' id='word_1_348' title='bbox 555 1931 737 1979; x_wconf 84' lang='lat' dir='ltr'>suspensos</span> <span class='ocrx_word' id='word_1_349' title='bbox 753 1933 817 1967; x_wconf 83' lang='lat' dir='ltr'>effe</span> <span class='ocrx_word' id='word_1_350' title='bbox 836 1948 847 1977; x_wconf 73' lang='grc' dir='ltr'><strong>ς</strong></span> <span class='ocrx_word' id='word_1_351' title='bbox 867 1934 919 1970; x_wconf 88' lang='lat' dir='ltr'>At</span> <span class='ocrx_word' id='word_1_352' title='bbox 935 1945 1013 1970; x_wconf 90' lang='lat' dir='ltr'>cum</span> <span class='ocrx_word' id='word_1_353' title='bbox 1030 1941 1181 1976; x_wconf 82' lang='lat' dir='ltr'>magnus</span> <span class='ocrx_word' id='word_1_354' title='bbox 1193 1928 1233 1964; x_wconf 84' lang='lat' dir='ltr'>fit</span> <span class='ocrx_word' id='word_1_355' title='bbox 1247 1928 1373 1970; x_wconf 85' lang='lat' dir='ltr'>horum</span> <span class='ocrx_word' id='word_1_356' title='bbox 1389 1939 1515 1963; x_wconf 83' lang='lat' dir='ltr'>nume-</span> 
     </span>
    </p>
   </div>
   <div class='ocr_carea' id='block_1_7' title="bbox 113 1976 1545 2032">
    <p class='ocr_par' dir='ltr' id='par_1_10' title="bbox 113 1976 1545 2032">
     <span class='ocr_line' id='line_1_37' title="bbox 113 1976 1545 2032; baseline -0.005 -13"><span class='ocrx_word' id='word_1_357' title='bbox 113 1996 172 2020; x_wconf 86' lang='lat' dir='ltr'>rus</span> <span class='ocrx_word' id='word_1_358' title='bbox 187 2010 197 2026; x_wconf 85' lang='lat'><strong>‚</strong></span> <span class='ocrx_word' id='word_1_359' title='bbox 232 1984 295 2031; x_wconf 89' lang='lat' dir='ltr'>qui</span> <span class='ocrx_word' id='word_1_360' title='bbox 314 1984 471 2030; x_wconf 88' lang='lat' dir='ltr'>promoti</span> <span class='ocrx_word' id='word_1_361' title='bbox 488 1983 632 2017; x_wconf 90' lang='lat' dir='ltr'>fuerunt</span> <span class='ocrx_word' id='word_1_362' title='bbox 655 1984 700 2018; x_wconf 87' lang='lat' dir='ltr'>ab</span> <span class='ocrx_word' id='word_1_363' title='bbox 720 1983 911 2031; x_wconf 86' lang='lat' dir='ltr'>Episcopis</span> <span class='ocrx_word' id='word_1_364' title='bbox 928 1998 947 2021; x_wconf 88' lang='lat' dir='ltr'>a</span> <span class='ocrx_word' id='word_1_365' title='bbox 960 1983 1091 2032; x_wconf 90' lang='lat' dir='ltr'>quibus</span> <span class='ocrx_word' id='word_1_366' title='bbox 1107 1992 1168 2029; x_wconf 87' lang='lat' dir='ltr'>per</span> <span class='ocrx_word' id='word_1_367' title='bbox 1182 1976 1335 2015; x_wconf 81' lang='lat' dir='ltr'>errorem</span> <span class='ocrx_word' id='word_1_368' title='bbox 1348 1978 1514 2014; x_wconf 85' lang='lat' dir='ltr'>observa-</span> <span class='ocrx_word' id='word_1_369' title='bbox 1542 2023 1545 2025; x_wconf 27' lang='lat'><em>¹</em></span> 
     </span>
    </p>
   </div>
   <div class='ocr_carea' id='block_1_8' title="bbox 65 2028 1519 2731">
    <p class='ocr_par' dir='ltr' id='par_1_11' title="bbox 65 2028 1519 2731">
     <span class='ocr_line' id='line_1_38' title="bbox 110 2028 1517 2082; baseline -0.006 -11"><span class='ocrx_word' id='word_1_370' title='bbox 110 2045 169 2071; x_wconf 83' lang='lat' dir='ltr'>tus</span> <span class='ocrx_word' id='word_1_371' title='bbox 184 2034 254 2069; x_wconf 84' lang='lat' dir='ltr'>fuit</span> <span class='ocrx_word' id='word_1_372' title='bbox 277 2032 407 2069; x_wconf 84' lang='lat' dir='ltr'>abusus</span> <span class='ocrx_word' id='word_1_373' title='bbox 422 2059 433 2075; x_wconf 85' lang='lat'>‚</span> <span class='ocrx_word' id='word_1_374' title='bbox 460 2046 530 2069; x_wconf 89' lang='lat' dir='ltr'>non</span> <span class='ocrx_word' id='word_1_375' title='bbox 547 2033 765 2069; x_wconf 85' lang='lat' dir='ltr'>consuetudo</span> <span class='ocrx_word' id='word_1_376' title='bbox 782 2061 793 2077; x_wconf 93' lang='lat'><strong>‚</strong></span> <span class='ocrx_word' id='word_1_377' title='bbox 825 2048 930 2082; x_wconf 90' lang='lat' dir='ltr'>quam</span> <span class='ocrx_word' id='word_1_378' title='bbox 949 2037 1156 2071; x_wconf 88' lang='lat' dir='ltr'>invenerant</span> <span class='ocrx_word' id='word_1_379' title='bbox 1172 2059 1182 2074; x_wconf 90' lang='lat'>‚</span> <span class='ocrx_word' id='word_1_380' title='bbox 1199 2031 1344 2068; x_wconf 87' lang='lat' dir='ltr'>videant</span> <span class='ocrx_word' id='word_1_381' title='bbox 1361 2028 1517 2075; x_wconf 83' lang='lat' dir='ltr'>Amplis-</span> 
     </span>
     <span class='ocr_line' id='line_1_39' title="bbox 112 2079 1518 2132; baseline -0.006 -10"><span class='ocrx_word' id='word_1_382' title='bbox 112 2087 186 2122; x_wconf 78' lang='lat' dir='ltr'>simi</span> <span class='ocrx_word' id='word_1_383' title='bbox 202 2085 349 2127; x_wconf 84' lang='lat' dir='ltr'>Patres,</span> <span class='ocrx_word' id='word_1_384' title='bbox 380 2095 401 2118; x_wconf 83' lang='lat' dir='ltr'>a</span> <span class='ocrx_word' id='word_1_385' title='bbox 417 2083 587 2130; x_wconf 85' lang='lat' dir='ltr'>suggerat</span> <span class='ocrx_word' id='word_1_386' title='bbox 601 2086 750 2132; x_wconf 74' lang='lat' dir='ltr'>aequitas</span> <span class='ocrx_word' id='word_1_387' title='bbox 774 2086 844 2120; x_wconf 85' lang='lat' dir='ltr'>hoc</span> <span class='ocrx_word' id='word_1_388' title='bbox 872 2087 953 2123; x_wconf 84' lang='lat' dir='ltr'>casu</span> <span class='ocrx_word' id='word_1_389' title='bbox 970 2111 997 2128; x_wconf 83' lang='lat'><strong>„</strong></span> <span class='ocrx_word' id='word_1_390' title='bbox 1034 2095 1073 2120; x_wconf 87' lang='lat' dir='ltr'>ut</span> <span class='ocrx_word' id='word_1_391' title='bbox 1100 2082 1143 2118; x_wconf 80' lang='lat' dir='ltr'>fit</span> <span class='ocrx_word' id='word_1_392' title='bbox 1157 2080 1407 2119; x_wconf 90' lang='lat' dir='ltr'>consulendum</span> <span class='ocrx_word' id='word_1_393' title='bbox 1432 2079 1518 2115; x_wconf 84' lang='lat' dir='ltr'>San-</span> 
     </span>
     <span class='ocr_line' id='line_1_40' title="bbox 114 2130 1519 2182; baseline -0.006 -10"><span class='ocrx_word' id='word_1_394' title='bbox 114 2164 140 2181; x_wconf 87' lang='lat'><strong>„</strong></span> <span class='ocrx_word' id='word_1_395' title='bbox 168 2135 318 2176; x_wconf 66' lang='lat' dir='ltr'>&amp;iffimo</span> <span class='ocrx_word' id='word_1_396' title='bbox 335 2146 402 2181; x_wconf 84' lang='lat' dir='ltr'>pro</span> <span class='ocrx_word' id='word_1_397' title='bbox 416 2138 634 2182; x_wconf 85' lang='lat' dir='ltr'>temporaria</span> <span class='ocrx_word' id='word_1_398' title='bbox 665 2135 929 2182; x_wconf 76' lang='lat' dir='ltr'>dispensatione</span> <span class='ocrx_word' id='word_1_399' title='bbox 956 2139 988 2171; x_wconf 90' lang='lat' dir='ltr'>in</span> <span class='ocrx_word' id='word_1_400' title='bbox 1003 2135 1181 2172; x_wconf 86' lang='lat' dir='ltr'>exercitio</span> <span class='ocrx_word' id='word_1_401' title='bbox 1202 2133 1394 2169; x_wconf 84' lang='lat' dir='ltr'>Sacrorum</span> <span class='ocrx_word' id='word_1_402' title='bbox 1409 2130 1519 2167; x_wconf 77' lang='lat' dir='ltr'>ordi.</span> 
     </span>
     <span class='ocr_line' id='line_1_41' title="bbox 113 2182 1515 2234; baseline -0.007 -8"><span class='ocrx_word' id='word_1_403' title='bbox 113 2217 140 2234; x_wconf 84' lang='lat'>„</span> <span class='ocrx_word' id='word_1_404' title='bbox 171 2201 254 2226; x_wconf 88' lang='lat' dir='ltr'>num</span> <span class='ocrx_word' id='word_1_405' title='bbox 270 2188 384 2224; x_wconf 90' lang='lat' dir='ltr'>donec</span> <span class='ocrx_word' id='word_1_406' title='bbox 398 2185 459 2220; x_wconf 84' lang='lat' dir='ltr'>fibi</span> <span class='ocrx_word' id='word_1_407' title='bbox 476 2185 657 2222; x_wconf 83' lang='lat' dir='ltr'>consulant</span> <span class='ocrx_word' id='word_1_408' title='bbox 673 2187 855 2223; x_wconf 86' lang='lat' dir='ltr'>sufficienti</span> <span class='ocrx_word' id='word_1_409' title='bbox 883 2187 1104 2225; x_wconf 85' lang='lat' dir='ltr'>Patrimonio</span> <span class='ocrx_word' id='word_1_410' title='bbox 1118 2211 1143 2227; x_wconf 49' lang='lat'>2,</span> <span class='ocrx_word' id='word_1_411' title='bbox 1173 2185 1366 2232; x_wconf 89' lang='lat' dir='ltr'>eademque</span> <span class='ocrx_word' id='word_1_412' title='bbox 1393 2182 1515 2229; x_wconf 89' lang='lat' dir='ltr'>provi-</span> 
     </span>
     <span class='ocr_line' id='line_1_42' title="bbox 105 2232 1518 2286; baseline -0.011 -3"><span class='ocrx_word' id='word_1_413' title='bbox 105 2241 230 2277; x_wconf 67' lang='lat' dir='ltr'>dentia</span> <span class='ocrx_word' id='word_1_414' title='bbox 243 2237 412 2274; x_wconf 78' lang='lat' dir='ltr'>utendum</span> <span class='ocrx_word' id='word_1_415' title='bbox 428 2236 468 2272; x_wconf 67' lang='lat' dir='ltr'>fit</span> <span class='ocrx_word' id='word_1_416' title='bbox 485 2238 579 2274; x_wconf 62' lang='lat' dir='ltr'>iniis</span> <span class='ocrx_word' id='word_1_417' title='bbox 595 2265 606 2280; x_wconf 80' lang='lat'><strong>‚</strong></span> <span class='ocrx_word' id='word_1_418' title='bbox 623 2237 758 2286; x_wconf 71' lang='lat' dir='ltr'>quibus</span> <span class='ocrx_word' id='word_1_419' title='bbox 775 2237 1033 2277; x_wconf 79' lang='lat' dir='ltr'>Patrimonium</span> <span class='ocrx_word' id='word_1_420' title='bbox 1049 2237 1193 2272; x_wconf 89' lang='lat' dir='ltr'>nulliter</span> <span class='ocrx_word' id='word_1_421' title='bbox 1208 2236 1252 2270; x_wconf 90' lang='lat' dir='ltr'>ab</span> <span class='ocrx_word' id='word_1_422' title='bbox 1268 2235 1349 2270; x_wconf 81' lang='lat' dir='ltr'>aliis</span> <span class='ocrx_word' id='word_1_423' title='bbox 1365 2232 1518 2279; x_wconf 82' lang='lat' dir='ltr'>affigna-</span> 
     </span>
     <span class='ocr_line' id='line_1_43' title="bbox 114 2282 1516 2337; baseline -0.007 -10"><span class='ocrx_word' id='word_1_424' title='bbox 114 2301 190 2328; x_wconf 86' lang='lat' dir='ltr'>turn</span> <span class='ocrx_word' id='word_1_425' title='bbox 218 2291 289 2326; x_wconf 89' lang='lat' dir='ltr'>fuit</span> <span class='ocrx_word' id='word_1_426' title='bbox 304 2316 330 2332; x_wconf 86' lang='lat'>„</span> <span class='ocrx_word' id='word_1_427' title='bbox 358 2298 399 2324; x_wconf 90' lang='lat' dir='ltr'>ut</span> <span class='ocrx_word' id='word_1_428' title='bbox 413 2287 651 2335; x_wconf 86' lang='lat' dir='ltr'>dispensentur</span> <span class='ocrx_word' id='word_1_429' title='bbox 667 2289 711 2325; x_wconf 90' lang='lat' dir='ltr'>ad</span> <span class='ocrx_word' id='word_1_430' title='bbox 729 2298 870 2337; x_wconf 88' lang='lat' dir='ltr'>tempus</span> <span class='ocrx_word' id='word_1_431' title='bbox 886 2316 898 2332; x_wconf 89' lang='lat'>‚</span> <span class='ocrx_word' id='word_1_432' title='bbox 918 2290 1034 2326; x_wconf 83' lang='lat' dir='ltr'>donec</span> <span class='ocrx_word' id='word_1_433' title='bbox 1056 2293 1248 2323; x_wconf 89' lang='lat' dir='ltr'>renovetur</span> <span class='ocrx_word' id='word_1_434' title='bbox 1261 2286 1424 2333; x_wconf 80' lang='lat' dir='ltr'>legitima</span> <span class='ocrx_word' id='word_1_435' title='bbox 1439 2282 1516 2318; x_wconf 86' lang='lat' dir='ltr'>affi-</span> 
     </span>
     <span class='ocr_line' id='line_1_44' title="bbox 117 2333 1519 2390; baseline -0.009 -10"><span class='ocrx_word' id='word_1_436' title='bbox 117 2370 143 2387; x_wconf 82' lang='lat'><strong>„</strong></span> <span class='ocrx_word' id='word_1_437' title='bbox 165 2343 299 2390; x_wconf 73' lang='lat' dir='ltr'>‘gnatio</span> <span class='ocrx_word' id='word_1_438' title='bbox 315 2367 342 2383; x_wconf 83' lang='lat'>‚‚</span> <span class='ocrx_word' id='word_1_439' title='bbox 364 2339 381 2379; x_wconf 65' lang='grc'>..’</span> <span class='ocrx_word' id='word_1_440' title='bbox 400 2339 613 2386; x_wconf 81' lang='lat' dir='ltr'>Exemplum</span> <span class='ocrx_word' id='word_1_441' title='bbox 628 2339 791 2389; x_wconf 88' lang='lat' dir='ltr'>equidem</span> <span class='ocrx_word' id='word_1_442' title='bbox 815 2341 1007 2389; x_wconf 86' lang='lat' dir='ltr'>suppetunt</span> <span class='ocrx_word' id='word_1_443' title='bbox 1037 2347 1212 2387; x_wconf 82' lang='lat' dir='ltr'>pauperes</span> <span class='ocrx_word' id='word_1_444' title='bbox 1231 2333 1407 2382; x_wconf 79' lang='lat' dir='ltr'>Religiosl</span> <span class='ocrx_word' id='word_1_445' title='bbox 1425 2333 1519 2369; x_wconf 81' lang='lat' dir='ltr'>Dia-</span> 
     </span>
     <span class='ocr_line' id='line_1_45' title="bbox 118 2384 1516 2439; baseline -0.014 -2"><span class='ocrx_word' id='word_1_446' title='bbox 118 2396 199 2429; x_wconf 73' lang='lat' dir='ltr'>c0t¹i</span> <span class='ocrx_word' id='word_1_447' title='bbox 216 2420 228 2436; x_wconf 65' lang='lat' dir='ltr'>a</span> <span class='ocrx_word' id='word_1_448' title='bbox 242 2401 306 2428; x_wconf 85' lang='lat' dir='ltr'>aut</span> <span class='ocrx_word' id='word_1_449' title='bbox 319 2389 533 2428; x_wconf 87' lang='lat' dir='ltr'>Sacerdotes</span> <span class='ocrx_word' id='word_1_450' title='bbox 548 2418 559 2434; x_wconf 81' lang='lat'>‚</span> <span class='ocrx_word' id='word_1_451' title='bbox 583 2393 643 2439; x_wconf 80' lang='lat' dir='ltr'>qui</span> <span class='ocrx_word' id='word_1_452' title='bbox 663 2391 793 2427; x_wconf 86' lang='lat' dir='ltr'>nullam</span> <span class='ocrx_word' id='word_1_453' title='bbox 809 2391 983 2428; x_wconf 79' lang='lat' dir='ltr'>declarari</span> <span class='ocrx_word' id='word_1_454' title='bbox 1013 2391 1254 2437; x_wconf 82' lang='lat' dir='ltr'>impetrarunt</span> <span class='ocrx_word' id='word_1_455' title='bbox 1264 2413 1280 2431; x_wconf 83' lang='lat'>-‚</span> <span class='ocrx_word' id='word_1_456' title='bbox 1309 2397 1416 2435; x_wconf 84' lang='lat' dir='ltr'>quam</span> <span class='ocrx_word' id='word_1_457' title='bbox 1433 2384 1516 2419; x_wconf 86' lang='lat' dir='ltr'>erni-</span> 
     </span>
     <span class='ocr_line' id='line_1_46' title="bbox 118 2433 1517 2490; baseline -0.007 -11"><span class='ocrx_word' id='word_1_458' title='bbox 118 2444 230 2483; x_wconf 86' lang='lat' dir='ltr'>serant</span> <span class='ocrx_word' id='word_1_459' title='bbox 243 2471 254 2487; x_wconf 84' lang='lat'>‚</span> <span class='ocrx_word' id='word_1_460' title='bbox 272 2441 518 2490; x_wconf 85' lang='lat' dir='ltr'>profeflionem</span> <span class='ocrx_word' id='word_1_461' title='bbox 536 2468 546 2484; x_wconf 83' lang='lat'><strong>,</strong></span> <span class='ocrx_word' id='word_1_462' title='bbox 572 2444 607 2478; x_wconf 72' lang='lat'>8&lt;</span> <span class='ocrx_word' id='word_1_463' title='bbox 622 2441 842 2480; x_wconf 88' lang='lat' dir='ltr'>Monasterio</span> <span class='ocrx_word' id='word_1_464' title='bbox 867 2442 986 2489; x_wconf 86' lang='lat' dir='ltr'>egreffi</span> <span class='ocrx_word' id='word_1_465' title='bbox 1003 2450 1126 2477; x_wconf 83' lang='lat' dir='ltr'>carent</span> <span class='ocrx_word' id='word_1_466' title='bbox 1155 2439 1376 2477; x_wconf 78' lang='lat' dir='ltr'>patrimonio</span> <span class='ocrx_word' id='word_1_467' title='bbox 1394 2450 1405 2479; x_wconf 84' lang='lat'>3</span> <span class='ocrx_word' id='word_1_468' title='bbox 1428 2433 1517 2470; x_wconf 85' lang='lat' dir='ltr'>solet</span> 
     </span>
     <span class='ocr_line' id='line_1_47' title="bbox 114 2487 1518 2541; baseline -0.007 -11"><span class='ocrx_word' id='word_1_469' title='bbox 114 2496 211 2531; x_wconf 84' lang='lat' dir='ltr'>-enim</span> <span class='ocrx_word' id='word_1_470' title='bbox 225 2496 279 2532; x_wconf 88' lang='lat' dir='ltr'>his</span> <span class='ocrx_word' id='word_1_471' title='bbox 301 2495 467 2532; x_wconf 89' lang='lat' dir='ltr'>Summus</span> <span class='ocrx_word' id='word_1_472' title='bbox 490 2492 656 2531; x_wconf 85' lang='lat' dir='ltr'>Pontifex</span> <span class='ocrx_word' id='word_1_473' title='bbox 679 2495 836 2540; x_wconf 85' lang='lat' dir='ltr'>gratiam</span> <span class='ocrx_word' id='word_1_474' title='bbox 853 2492 1123 2541; x_wconf 85' lang='lat' dir='ltr'>dispensationis</span> <span class='ocrx_word' id='word_1_475' title='bbox 1139 2489 1181 2525; x_wconf 89' lang='lat' dir='ltr'>ad</span> <span class='ocrx_word' id='word_1_476' title='bbox 1197 2498 1339 2536; x_wconf 88' lang='lat' dir='ltr'>tempus</span> <span class='ocrx_word' id='word_1_477' title='bbox 1354 2487 1518 2532; x_wconf 87' lang='lat' dir='ltr'>indulge-</span> 
     </span>
     <span class='ocr_line' id='line_1_48' title="bbox 118 2536 1519 2590; baseline -0.009 -7"><span class='ocrx_word' id='word_1_478' title='bbox 118 2558 155 2582; x_wconf 84' lang='lat' dir='ltr'>re</span> <span class='ocrx_word' id='word_1_479' title='bbox 171 2573 180 2583; x_wconf 88' lang='lat'><strong>.</strong></span> <span class='ocrx_word' id='word_1_480' title='bbox 207 2548 294 2583; x_wconf 81' lang='lat' dir='ltr'>I-laec</span> <span class='ocrx_word' id='word_1_481' title='bbox 306 2545 401 2584; x_wconf 70' lang='lat' dir='ltr'>dista</span> <span class='ocrx_word' id='word_1_482' title='bbox 416 2543 583 2581; x_wconf 86' lang='lat' dir='ltr'>volumus</span> <span class='ocrx_word' id='word_1_483' title='bbox 595 2573 606 2588; x_wconf 89' lang='lat'>‚</span> <span class='ocrx_word' id='word_1_484' title='bbox 642 2556 681 2582; x_wconf 87' lang='lat' dir='ltr'>ut</span> <span class='ocrx_word' id='word_1_485' title='bbox 712 2543 984 2581; x_wconf 84' lang='lat' dir='ltr'>Eminentiffim&#39;i</span> <span class='ocrx_word' id='word_1_486' title='bbox 1014 2543 1135 2578; x_wconf 80' lang='lat' dir='ltr'>Patres</span> <span class='ocrx_word' id='word_1_487' title='bbox 1165 2552 1207 2578; x_wconf 83' lang='lat' dir='ltr'>ea</span> <span class='ocrx_word' id='word_1_488' title='bbox 1221 2567 1233 2584; x_wconf 84' lang='lat'><em>‚</em></span> <span class='ocrx_word' id='word_1_489' title='bbox 1256 2552 1327 2590; x_wconf 90' lang='lat' dir='ltr'>qua</span> <span class='ocrx_word' id='word_1_490' title='bbox 1353 2536 1519 2585; x_wconf 82' lang='lat' dir='ltr'>praestant</span> 
     </span>
     <span class='ocr_line' id='line_1_49' title="bbox 127 2592 1106 2645; baseline -0.001 -14"><span class='ocrx_word' id='word_1_491' title='bbox 127 2597 318 2644; x_wconf 81' lang='lat' dir='ltr'>prudentia</span> <span class='ocrx_word' id='word_1_492' title='bbox 332 2623 343 2639; x_wconf 79' lang='grc'><em>,</em></span> <span class='ocrx_word' id='word_1_493' title='bbox 358 2606 466 2645; x_wconf 84' lang='lat' dir='ltr'>atque</span> <span class='ocrx_word' id='word_1_494' title='bbox 481 2595 542 2631; x_wconf 89' lang='lat' dir='ltr'>usu</span> <span class='ocrx_word' id='word_1_495' title='bbox 559 2609 672 2632; x_wconf 89' lang='lat' dir='ltr'>rerum</span> <span class='ocrx_word' id='word_1_496' title='bbox 689 2622 699 2638; x_wconf 87' lang='lat'><strong>‚</strong></span> <span class='ocrx_word' id='word_1_497' title='bbox 728 2592 844 2632; x_wconf 83' lang='lat' dir='ltr'>tutius</span> <span class='ocrx_word' id='word_1_498' title='bbox 859 2594 1077 2641; x_wconf 82' lang='lat' dir='ltr'>cognoscant</span> <span class='ocrx_word' id='word_1_499' title='bbox 1096 2620 1106 2630; x_wconf 90' lang='lat'><em>.</em></span> 
     </span>
     <span class='ocr_line' id='line_1_50' title="bbox 65 2645 1500 2731; baseline -0.004 -46"><span class='ocrx_word' id='word_1_500' title='bbox 65 2647 129 2685; x_wconf 80' lang='lat' dir='ltr'>An</span> <span class='ocrx_word' id='word_1_501' title='bbox 149 2649 186 2691; x_wconf 60' lang='grc' dir='ltr'>ἐς</span> <span class='ocrx_word' id='word_1_502' title='bbox 199 2648 356 2697; x_wconf 76' lang='lat' dir='ltr'><em>quomodo</em></span> <span class='ocrx_word' id='word_1_503' title='bbox 360 2645 413 2692; x_wconf 82' lang='lat' dir='ltr'>sit</span> <span class='ocrx_word' id='word_1_504' title='bbox 428 2646 696 2694; x_wconf 78' lang='lat' dir='ltr'>rescribendum</span> <span class='ocrx_word' id='word_1_505' title='bbox 706 2650 745 2684; x_wconf 84' lang='lat' dir='ltr'>in</span> <span class='ocrx_word' id='word_1_506' title='bbox 759 2648 839 2694; x_wconf 74' lang='lat' dir='ltr'>casu</span> <span class='ocrx_word' id='word_1_507' title='bbox 855 2645 924 2686; x_wconf 54' lang='lat' dir='ltr'>&amp;a</span> <span class='ocrx_word' id='word_1_508' title='bbox 1380 2689 1500 2731; x_wconf 62' lang='lat' dir='ltr'>URBI</span> 
     </span>
    </p>
   </div>
  </div>
 </body>
</html>
