1874 2961
1469 92 1513 126 '¹3

57 158 162 193 fuerat
190 152 292 186 etiam
316 149 357 182 ab
374 146 494 181 eodem
512 142 693 178 Testatore
716 151 820 185 capax
845 137 1011 173 retinendi
1030 136 1116 171 duas
1138 137 1402 184 Cappeilanias,
1427 144 1513 181 quas

53 202 140 248 erigi
157 199 241 240 jullii
256 221 267 231 .
295 195 358 229 His
372 192 509 240 aliisque
523 192 660 237 peractis
671 216 678 227 ,
705 187 919 222 substantiam
934 185 1139 220 hxreditatis
1154 185 1284 220 viritim
1297 193 1436 231 erogare
1449 192 1513 216 cae·

52 255 175 298 perunt
193 243 225 278 in
242 244 405 287 l'auperes
418 267 427 278 ,
452 251 528 274 cuin
554 245 688 282 repente
701 246 848 280 quinque
866 241 1046 278 proneptes
1060 230 1171 266 fratris
1194 232 1340 267 defuncti
1358 229 1512 277 postula-

53 304 133 332 runt
157 291 213 326 sibi
234 290 325 336 prius
340 286 553 334 praestandam
581 286 693 318 dotem
717 294 758 317 ex
781 279 987 316 Patrinionio
1008 276 1195 314 Testatoris
1209 306 1218 318 ‚
1245 281 1295 321 jus
1310 277 1370 312 sibi
1386 278 1448 312 eise
1470 286 1513 310 ex

57 338 228 387 sanguinis
243 334 478 378 conjunctione
497 359 506 371 ‚
531 331 714 366 desinerent
731 329 939 365 substantiam
954 325 1159 361 lixreditatis
1171 324 1368 360 distribuere
1383 324 1416 358 in
1430 323 1515 358 Pau-

54 398 151 435 peres
175 411 184 424 ‚
210 396 285 420 cum
309 383 384 429 ipsae
410 379 501 416 omni
528 377 632 413 essent
657 376 865 427 patrimonio
889 374 1053 409 destitutae
1069 400 1079 413 ‚
1106 384 1175 420 quo
1197 372 1308 407 virum
1329 381 1514 416 quaererea

53 433 202 482 poss'cnt:
234 441 303 466 non
328 441 401 464 eam
425 427 486 462 effe
512 426 653 472 potiiiss‘e
680 423 862 458 Testaioris
885 421 1082 457 sententiam
1102 447 1112 459 ‚
1137 429 1175 455 ut
1192 419 1349 465 neglectis
1370 416 1515 452 consan-

54 480 209 529 guineis‚
235 488 317 522 opes
342 475 600 522 dispertirentur
624 472 711 507 inter
738 481 914 506 extraneos
941 497 948 505 .
973 469 1062 503 Cum
1083 467 1318 513 Exequutores
1343 475 1517 510 repugna-

54 537 157 568 rent,
184 525 369 569 proneptes
383 533 495 570 preces
519 519 716 554 obtulerunt
731 517 951 553 Sacratiflimo
973 515 1123 560 Principi
1137 512 1273 553 nostro,
1298 512 1355 560 qui
1377 510 1516 554 huiusce

55 576 107 613 rei
124 573 358 619 cognitionem
381 570 470 605 dedit
491 566 710 613 Amplisiimis
736 565 916 600 Patribus.
946 563 1100 609 Rogatus
1125 560 1189 596 suit
1212 558 1516 605 Archiepiscopus‚

55 631 94 659 ut
123 620 229 657 animi
248 619 293 653 sui
321 616 524 654 sententiam
538 612 683 660 aperiret
703 639 711 653 ‚
737 613 795 646 ille
812 610 933 646 auditis
953 609 1135 644 rationibus
1148 635 1157 648 ,
1180 618 1262 655 quas
1288 607 1520 652 proponebant

55 670 290 715 Exequutores
303 693 313 706 ,
334 665 481 712 quasque
496 660 653 709 adjunxit
666 658 817 705 Epistoiae
830 657 893 693 suae
910 683 920 696 ‚
933 657 1062 692 censuit
1072 667 1126 690 eas
1138 656 1270 702 quidem
1284 665 1352 689 non
1368 651 1432 687 effe
1443 664 1520 688 con-

54 715 271 752 temnendas:
300 713 336 748 Iri
359 722 429 747 earn
441 721 554 746 tamen
571 733 580 747 ,
605 709 717 754 inquit
739 706 935 740 inclinarem
950 703 1158 739 sententiam
1182 699 1368 748 assignandi
1387 711 1446 745 pro
1458 702 1517 735 do·

5 787 34 805 ‚,
58 763 120 798 tali
145 761 284 798 subsidio
301 758 483 805 unicuique
497 769 540 792 ex
552 754 699 803 quinque
719 752 848 789 Puellis
866 752 1026 787 summam
1039 751 1206 786 scutorum
1219 749 1366 794 quinque
1379 748 1423 782 ab
1436 757 1522 782 uno·

12 838 38 854 ,‚
62 821 194 856 quoque
219 819 261 843 ex
282 806 432 854 quinque
451 803 722 851 Exequutoribus
739 800 969 836 solvendorum
993 797 1113 833 suturis
1128 808 1246 832 earum
1260 796 1314 830 seu
1330 793 1454 838 sponsis
1467 804 1525 828 oc·-

12 884 40 899 ,‚
64 858 193 892 calione
219 853 448 892 matrimonii,
474 852 531 887 feu
558 848 836 885 procuratoribus
864 844 1197 881 Monasteriorutnin
1220 852 1345 878 eventu
1362 839 1523 887 ingressus

8 931 39 946 2,
64 906 98 939 in
114 902 338 949 Religionem
354 928 363 940 ,
390 912 462 946 quae
483 899 618 944 quidem
634 895 767 932 sui-nmae
784 895 819 929 in
843 904 947 928 unum
970 891 1117 927 co'llectae
1132 918 1141 933 ,
1166 890 1393 937 quantitatem
1408 887 1525 924 scuto·

10 977 39 993 ,‚
62 962 136 987 rum
150 950 273 995 viginti
297 949 446 995 quinque
463 945 646 990 unicuique
668 942 793 978 Puellae
816 940 1080 986 affignandorum
1096 937 1325 974 conficerent:
1353 936 1414 969 hac
1438 935 1495 969 via
1511 958 1523 974 ,

13 1024 40 1040 ,‚
65 1000 96 1034 ὄι
121 998 255 1044 egestati
271 995 436 1043 praetensae
451 996 492 1029 ab
514 991 717 1027 Oratoribus
741 988 851 1024 dotale
870 987 1140 1031 supplementum
1153 983 1343 1032 petentibus
1358 993 1417 1027 pro
1426 981 1525 1027 quin-

15 1072 40 1088 „
65 1057 128 1091 que
146 1044 307 1090 neptibus
320 1069 330 1082 ,
353 1044 384 1078 &
402 1041 478 1078 aliis
490 1039 644 1074 omnibus
657 1035 913 1072 difficultatibus
927 1033 1005 1068 satis
1020 1032 1209 1068 consultum
1225 1029 1289 1066 effe
1314 1029 1526 1065 crediderim.

64 1093 147 1126 Haec
167 1090 448 1137 Archiepiscopus
465 1102 473 1121 :
499 1085 576 1122 Post
593 1086 660 1119 haec
675 1083 792 1119 citatis
820 1079 907 1121 Jussu
921 1081 1258 1115 Eininentifliinorum
1279 1077 1417 1112 Pati-um
1441 1075 1529 1109 Exe-

62 1138 261 1185 quutoribus
279 1166 288 1178 ‚
311 1137 421 1172 Causa
437 1145 524 1170 uunc
551 1131 751 1179 proponitur
768 1143 776 1163 =
802 1127 966 1162 Rationes
983 1127 1175 1162 Puellarum
1192 1127 1307 1172 legent
1323 1119 1528 1168 Ampliflimi

61 1186 178 1222 Patres
193 1186 228 1219 in
251 1196 364 1219 earum
391 1183 530 1219 libello:
556 1182 597 1215 ab
612 1176 884 1226 Exequutoribus
901 1172 987 1209 nihil
1013 1174 1167 1209 haetenus
1190 1171 1366 1208 habuimus
1381 1183 1391 1203 ε
1414 1169 1528 1214 capita

62 1233 162 1277 hujus
183 1232 300 1267 Causa:
316 1233 380 1266 duo
400 1231 501 1265 sumt

20 1281 49 1318 I.
98 1287 156 1316 An
182 1280 227 1322 fic
269 1282 362 1331 lycus
398 1278 654 1314 commutatt'oni
684 1273 878 1311 voluntatis
903 1273 937 1305 in
963 1270 1037 1314 casu
1068 1273 1142 1306 &a
1176 1269 1210 1303 &
1235 1275 1403 1314 quatenus
1437 1261 1531 1298 affir-

208 1337 337 1362 mative
360 1354 368 1362 .
790 1344 793 1346 -

18 1375 64 1412 11.
115 1381 174 1411 An
198 1401 208 1415 ,
244 1380 287 1412 &v
323 1372 446 1420 quibus
482 1376 524 1409 (y
555 1374 589 1411 in
624 1378 690 1415 qua
720 1369 915 1414 quantitate
941 1363 1009 1407 fint
1042 1363 1231 1411 affgnandae
1262 1362 1357 1395 dotes
1395 1362 1431 1395 in
1471 1370 1532 1393 ca-

197 1427 238 1470 fit
267 1426 342 1459 &c-

195 1508 458 1576 Negative
480 1544 492 1567 ‚
532 1511 581 1558 ὃ(
604 1498 1005 1572 providendum
1025 1497 1116 1549 effe
1151 1496 1305 1562 juxta
1336 1505 1533 1545 votum

92 1576 497 1645 Archiepiscopi
519 1614 530 1626 .

127 1710 372 1748 RAVINEN.
391 1710 539 1744 Decreto
563 1703 716 1751 Episcopi
732 1698 951 1737 Gravinensis
973 1697 1044 1731 lato
1058 1695 1090 1732 in
1121 1695 1327 1732 Vifitatione
1353 1693 1427 1730 aeta
1451 1701 1541 1737 anno
1575 1683 1819 1733 soffia-&12-

138 1770 237 1804 1743.
257 1759 470 1793 declaratum
489 1754 552 1789 fuit
567 1754 796 1788 canonicatus
812 1775 819 1786 ‚
850 1746 1044 1783 Praebendas
1059 1771 1068 1783 ,
1095 1744 1126 1779 δι
1142 1743 1343 1780 Dihniiates
1355 1742 1542 1776 Cathedra-
1576 1735 1615 1770 de
1641 1730 1714 1778 Ref-

70 1806 110 1839 lis
138 1807 290 1841 Eccleiix
310 1803 477 1840 Gravinae:
501 1813 616 1836 omnes
643 1798 706 1834 eff:
744 1794 995 1842 Presbyterales
1017 1818 1026 1830 ,
1052 1792 1082 1826 δι
1109 1790 1356 1826 Sacer-dotalem
1377 1787 1544 1822 Ordinem

69 1854 239 1888 adnexum
264 1854 384 1888 habere
400 1878 407 1890 ,
435 1848 590 1894 iussitque
615 1846 795 1892 Episcopus
818 1867 828 1881 ,
854 1852 889 1876 ut
918 1848 1132 1875 monerentur
1147 1862 1159 1876 ‚
1182 1839 1242 1884 qui
1262 1835 1414 1872 nondum
1428 1834 1543 1869 Sacros

71 1901 216 1936 Ordines
238 1899 447 1945 susceperant
462 1923 470 1936 ,
497 1906 534 1930 ut
557 1896 592 1930 in
614 1893 728 1928 sutura
755 1889 991 1924 Ordinatione
1005 1894 1162 1921 curarent
1176 1887 1214 1919 ad
1243 1894 1300 1919 eos
1321 1882 1546 1929 promoveri,

72 1959 181 1995 neque
204 1946 369 1993 deinceps
393 1943 624 1980 Canonicatus
648 1967 658 1980 ‚
684 1937 877 1976 Praebendas
943 1934 1140 1981 Dignitates
1161 1931 1246 1966 aliis
1268 1929 1412 1965 conferri
1433 1926 1546 1974 posse,

77 2007 176 2044 quam
201 1994 436 2029 Sacerdotibus
461 2015 473 2026 .
507 1989 670 2025 Graviter
705 1988 860 2021 tulerunt
886 1981 1056 2017 Canonici
1089 1979 1226 2025 quidam
1261 1978 1326 2012 hoc
1350 1978 1550 2012 decretum,

81 2054 165 2091 quos
186 2041 275 2076 iuter
299 2040 496 2077 Canonicus
521 2034 742 2072 Santoinasius
758 2060 767 2073 ,
798 2031 828 2065 ὅ(
851 2028 1057 2074 postularunt
1080 2023 1431 2069 circumscriptionem
1454 2021 1549 2058 illius

77 2103 96 2125 a
117 2090 292 2135 signatura
314 2088 453 2129 justitiae
468 2112 476 2125 ‚
501 2084 553 2119 sed
580 2083 619 2117 ad
642 2077 807 2116 I‘ribunal
834 2074 1031 2122 Episcopale
1045 2086 1080 2110 re
1097 2073 1215 2108 delata
1231 2098 1243 2112 ,
1266 2071 1396 2106 censuit
1413 2067 1553 2116 Episco-

77 2149 137 2184 pus
155 2134 419 2171 controversiam
431 2134 516 2167 hanc
541 2130 670 2172 iudicio
693 2123 997 2174 Amplissimorurn
1009 2122 1147 2158 Parrum
1157 2118 1222 2157 ess'e
1246 2117 1492 2155 definiendam,
1515 2115 1551 2149 &

83 2183 220 2231 quaestio
234 2209 243 2221 ,
268 2182 385 2217 audito
397 2181 464 2224 jam
476 2188 515 2214 ut
526 2175 602 2212 fieri
617 2177 702 2211 solet
721 2174 844 2210 eodem
859 2169 1019 2215 Episcopo
1030 2195 1041 2209 ‚
1066 2180 1154 2204 nunc
1170 2164 1376 2212 expedienda.
1388 2161 1551 2211 proponi-

79 2241 136 2267 tur
161 2255 169 2264 .
210 2230 377 2265 Rationes
401 2228 610 2263 Promotoris
644 2222 780 2258 fiscalis
809 2217 885 2253 sunt
915 2218 950 2251 in
975 2217 1126 2252 Deci-eto
1151 2213 1312 2260 Episcopi
1333 2207 1554 2247 Gravinensts

82 2278 265 2323 Pellegrini
282 2303 291 2317 ,
316 2277 373 2321 qui
399 2274 594 2320 exequendo
607 2268 897 2305 Constitutionem
920 2264 956 2298 S.
983 2264 1034 2299 Pii
1050 2264 1094 2299 V.
1111 2261 1238 2297 Summi
1255 2256 1427 2296 Pontificis
1439 2258 1558 2293 Eccle-

87 2325 167 2360 siam
182 2325 276 2360 illam
302 2322 516 2360 numeravit,
542 2320 573 2355 ὅ(
593 2313 843 2364 presbyterales
861 2309 927 2347 effe
954 2310 1184 2348 canonicatus
1203 2318 1316 2342 omnes
1330 2333 1339 2345 ‚
1366 2308 1397 2341 δι
1424 2303 1555 2350 Digni-

89 2381 178 2407 tates
202 2372 334 2407 sanxit:
361 2371 449 2405 idem
473 2366 596 2401 faeium
618 2364 712 2399 suiffe
733 2363 886 2398 Decreto
903 2357 1076 2394 Benedicti
1092 2355 1196 2391 xiv.
1214 2352 1391 2390 Pontificis
1420 2348 1558 2396 Optimi

92 2418 261 2458 Maximi,
283 2418 340 2464 qui
356 2427 435 2451 tunc
451 2418 471 2451 S
497 2413 543 2448 R.
558 2412 595 2447 E.
617 2409 809 2446 Cardinalis
823 2433 833 2446 ,
858 2407 890 2442 &
905 2405 1193 2451 Archiepiscopus
1210 2402 1466 2436 Beneventanus
1480 2396 1559 2431 offi-

89 2467 144 2499 cio
160 2459 558 2509 VisitatorisApostolici
582 2458 789 2505 fungebatur
806 2479 817 2493 ‚
843 2453 930 2489 idem
946 2453 1013 2488 alio
1023 2455 1162 2489 decreto
1179 2449 1332 2495 Episcopi
1358 2445 1569 2482 Gravinen-

98 2510 137 2546 sis
160 2513 324 2548 Ferrerii:
349 2511 440 2547 idem
461 2506 681 2543 constitutum
701 2502 795 2539 fuisse
819 2500 950 2536 statutis
966 2497 1224 2546 Capitularibus
1241 2494 1387 2530 conditis
1408 2491 1479 2539 post
1495 2490 1563 2526 Vi-

99 2558 287 2593 sitationem
301 2559 395 2594 illam
409 2554 645 2599 Apostoiicam
658 2578 669 2592 ,
694 2551 782 2586 idem
805 2548 949 2594 antiqua
974 2545 1212 2582 consuetudine
1227 2541 1373 2581 servari,
1399 2540 1488 2574 idem
1502 2541 1564 2573 de-

99 2617 192 2641 mum
216 2607 434 2640 constitutum
452 2600 548 2638 fuisse
564 2599 775 2646 dispositione
798 2593 1023 2629 Tridentini.
1048 2591 1143 2640 Qid
1165 2600 1284 2626 contra
1311 2588 1418 2623 ferant
1440 2586 1566 2620 Santo-

101 2652 218 2688 masius
232 2679 241 2691 ‚
268 2651 390 2698 aliique
405 2649 617 2695 Capitulares
631 2673 640 2686 ,
663 2645 722 2692 qui
744 2650 932 2689 repugnant
949 2667 959 2681 ‚
985 2639 1181 2686 ignoramus
1196 2662 1207 2677 ‚
1231 2636 1382 2672 nondum
1405 2633 1498 2670 enirn
1517 2632 1567 2666 li-

101 2700 230 2735 bellum
252 2698 438 2736 dederunt}
458 2696 614 2732 Dubium
635 2693 721 2740 quod
741 2689 946 2738 proponitur
961 2713 971 2728 ,
991 2686 1188 2723 subiciimus
1205 2712 1214 2721 .
1513 2699 1518 2703 -

60 2753 120 2785 An
153 2749 370 2783 canonicatus
385 2744 529 2787 Ecclesia:
561 2741 771 2778 cathedralis
787 2738 962 2822 Gravigen
976 2758 988 2771 .
1007 2735 1204 2771 declarandi
1213 2731 1280 2776 sint
1305 2726 1542 2768 sacerdotales
1554 2750 1566 2766 ‚

241 2796 421 2829 Tom.XVI.
858 2787 862 2792 ‘
939 2791 962 2816 2
1433 2776 1525 2810 itaut
