1883 2907
425 123 444 147 2

378 124 504 195 ,sviro
537 152 686 187 fierent.
722 149 837 188 Addit
871 150 1134 202 praesumptione
1155 153 1244 196 Juris
1273 149 1531 190 inverifimilem
1564 153 1642 192 fieri
1664 154 1789 202 Mariae

379 200 549 239 Tlieresi.e
565 198 820 246 ignorantiam,
842 210 921 234 cum
949 200 1049 238 facile
1066 202 1191 238 certior
1217 202 1292 238 fieri
1313 199 1497 247 potuisset,
1523 214 1564 237 an
1584 204 1641 240 vir
1671 204 1797 240 illustri

382 252 596 287 Bitoniorum
611 246 728 282 Gente
751 247 862 282 editus
889 246 935 282 est
949 273 959 287 ,
979 249 1163 294 praesertim
1188 261 1264 285 cum
1286 261 1328 286 eo
1341 249 1477 284 absente
1501 248 1612 285 silium
1635 250 1720 294 justo
1734 252 1797 287 Pa-

379 298 442 332 tris
457 293 598 330 nomine
617 293 759 329 inlibris
785 293 926 329 describi
953 297 1162 340 permisci-n,-
1191 307 1292 346 atque
1317 299 1360 333 ob
1387 297 1418 331 id
1440 296 1579 343 colligit
1600 309 1669 333 non
1689 300 1798 334 vitia·

378 344 408 380 ri
435 341 691 379 matrimonium
715 340 916 376 conditione
936 341 1018 384 illa,
1047 356 1119 389 qua:
1144 345 1227 379 fam
1249 354 1322 381 erat
1339 346 1371 381 ἅ
1386 343 1542 379 simulata
1557 343 1645 380 inter
1657 347 1770 382 virum
1786 372 1796 386 ,

379 393 412 428 &
440 401 581 426 uxorem
604 389 642 422 ad
663 387 913 424 conciliandum
937 390 1066 433 nuptiis
1090 391 1300 436 splendorem
1319 420 1327 428 .
1358 394 1422 428 His
1447 391 1614 438 perpensis
1638 417 1649 432 ‚
1671 405 1743 439 quae
1769 405 1791 428 ι

378 440 456 474 viro
480 445 614 472 tantum
638 445 894 479 proponuntur,
921 444 1000 471 nani
1028 449 1047 471 a
1066 437 1182 473 Maria
1207 438 1371 476 Theresia
1393 440 1544 476 nondum
1570 439 1709 476 libellus
1734 439 1796 475 da-

380 495 434 521 tus
457 484 523 519 fuit
539 510 548 523 ,
576 483 649 518 Enii
673 482 790 517 Patres
811 480 1009 529 respondere
1022 484 1168 521 debent.

332 534 392 571 ’,Λη
408 531 638 578 fitbstinearm·
667 533 922 567 matrimonium
942 534 977 567 in
1003 533 1077 576 casu
1104 538 1177 572 &a

429 629 512 665 Non
535 626 708 676 proposita
743 640 820 664 cum
843 628 1006 676 sequent.

337 766 431 852 A
448 763 789 801 LEXANDRINA
818 764 1092 803 FUNERUM:
1115 768 1408 806 Consuetudinem
1433 797 1442 810 ‚
1466 782 1538 816 quae
1566 769 1613 805 est
1638 766 1674 802 in
1697 765 1803 803 Civi-

92 797 298 838 s‘fidi-‘⁴3⁸
459 813 586 849 tdtibus
608 811 827 852 Mediolani,
856 815 886 849 &
903 815 1145 853 Alexandriae,
1173 826 1211 852 ut
1224 816 1444 854 Ecclefiastici
1459 843 1470 858 ,
1493 818 1551 863 qui
1578 826 1694 852 cereas
1708 813 1798 851 faces

94 840 192 879 ‘'uf'
385 859 537 897 manibus
570 857 708 897 ferunt,
731 859 809 893 dum
825 872 970 906 corpora
994 862 1225 899 defunctorum
1251 863 1466 905 efferuntur,
1492 875 1549 899 eas
1572 865 1641 910 post
1656 863 1797 898 <ludium

384 909 485 944 sunus
512 919 532 942 a
549 906 724 946 Parocho,
753 917 771 940 a
797 918 864 953 quo
896 910 1012 944 vocati
1036 937 1045 950 ,
1070 911 1243 956 accitique
1271 911 1405 947 fuerant
1428 915 1467 946 ad
1491 911 1676 947 elationem
1700 936 1710 949 ,
1737 919 1804 944 tra-

386 957 469 989 dant
491 979 501 991 ‚
525 962 664 999 accepto
690 953 807 989 decem
835 955 1018 991 solidorum
1048 959 1250 1004 compendio
1272 985 1281 998 ‚
1304 959 1500 1003 particulari
1530 958 1798 995 conventiono

388 1001 567 1037 firmarunt
595 1012 684 1035 anno
701 1010 801 1048 1740.
828 1002 1002 1039 Parochus
1028 1004 1096 1040 five
1122 1005 1218 1042 Prior
1241 1005 1378 1050 insignis
1402 1006 1611 1052 Collegiatae
1640 1003 1795 1041 Ecclesia:

387 1051 440 1085 SS.
457 1049 547 1083 Petri
568 1071 575 1084 ‚
602 1048 841 1087 &Dalmatii‚
868 1063 942 1096 quae
959 1051 1180 1089 Alexandriae
1207 1052 1253 1090 est
1276 1081 1287 1094 ,
1318 1056 1349 1090 δι
1374 1054 1586 1102 Cappellani
1611 1052 1797 1095 ejusdem-,2

386 1095 612 1141 Collegiatae:
639 1095 889 1133 Convenerunt
910 1099 1003 1134 enim
1029 1126 1040 1140 ,
1071 1109 1110 1136 ut
1137 1103 1176 1136 ad
1200 1101 1315 1136 funera
1337 1103 1543 1149 Cappellani
1566 1110 1799 1142 vocarentur,

386 1153 445 1179 aut
471 1142 602 1178 Clerici
631 1143 775 1185 ejusdem
803 1145 960 1182 Ecciefiae
987 1146 1130 1184 servitio
1154 1148 1332 1196 adscripti:
1358 1161 1510 1196 quovero
1527 1147 1568 1182 ad
1585 1160 1697 1184 cereas
1715 1147 1801 1183 faces

385 1194 461 1226 data
487 1190 554 1226 fuit
579 1190 690 1226 Priori
725 1191 870 1226 facultas
900 1206 976 1230 cum
1000 1195 1048 1231 eis
1076 1197 1303 1232 conveniendi
1329 1225 1338 1238 ‚
1366 1198 1417 1232 uti
1438 1193 1671 1231 collibuisset.
1699 1195 1803 1230 Brevi

384 1248 501 1274 tamen
515 1248 669 1283 tempore
691 1238 827 1274 servata
842 1240 954 1278 isthaec
967 1244 1151 1279 conventio
1170 1242 1215 1279 est
1233 1260 1244 1288 3
1269 1244 1521 1291 postulantibus
1535 1242 1693 1288 siquidem
1706 1242 1802 1289 Cap-

384 1286 535 1332 pellanis
557 1286 720 1322 Vicarius
740 1285 922 1324 Generalis
943 1290 1196 1326 Alexandrinus
1224 1292 1335 1327 mense
1360 1290 1516 1337 Augusto
1540 1290 1724 1335 superioris
1737 1301 1800 1325 an·-

384 1334 420 1368 ni
452 1343 548 1380 ¹744·
573 1333 718 1369 decreto
743 1335 802 1370 suo
825 1335 866 1370 iis
891 1338 1053 1373 concessit
1082 1339 1113 1373 ἃ
1132 1339 1184 1382 jus
1210 1339 1332 1385 paffive
1358 1338 1552 1374 vocationis
1580 1336 1624 1372 ad
1649 1335 1802 1374 funera-

384 1380 617 1428 prosequenda
643 1381 817 1426 prelative
841 1383 882 1417 ad
909 1385 997 1421 alios
1022 1387 1219 1423 Sacerdotes
1246 1414 1256 1427 ,
1283 1388 1338 1422 vel
1367 1385 1523 1421 Clericos
1546 1383 1701 1428 ejusdem
1728 1383 1801 1420 Ec-

388 1427 494 1464 clefiae
520 1428 662 1465 servitio
686 1428 890 1477 adscriptos,
914 1434 945 1467 &
960 1433 1159 1479 potestatem
1186 1433 1305 1470 iisdem
1329 1433 1550 1480 Cappellanis
1580 1431 1663 1466 fecit
1687 1442 1804 1467 cereas

387 1476 480 1511 faces
513 1474 574 1509 fibi
600 1477 792 1513 retinendi.
820 1479 1031 1527 Appellavit
1057 1481 1154 1516 Prior
1169 1482 1208 1515 ad
1221 1482 1438 1528 ampliffimos
1455 1479 1596 1520 Patres,
1620 1479 1804 1525 auditoque

389 1522 554 1569 Episcopo
570 1523 813 1561 Alexandrino
835 1551 846 1566 ‚
878 1529 936 1574 qui
959 1528 1141 1564 secundum
1169 1528 1394 1576 Cappellanos
1422 1526 1599 1574 respondit
1621 1552 1632 1567 ,
1664 1536 1806 1562 contro-

390 1570 530 1606 versiam
556 1581 646 1605 nunc
669 1571 838 1608 Parochus
857 1601 865 1612 ‚
890 1574 958 1610 five
974 1576 1073 1612 Prior
1096 1575 1245 1622 postulat
1267 1577 1420 1613 definiri.

343 1618 519 1654 Facultaii
539 1646 549 1659 ,
573 1630 638 1663 qua
658 1617 726 1664 ipse
751 1620 822 1661 iure
837 1623 932 1667 poffit
954 1622 988 1658 in
1007 1624 1208 1659 advocandis
1234 1625 1275 1660 iis
1289 1652 1300 1666 ,
1323 1623 1382 1671 qui
1404 1621 1462 1658 sibi
1482 1621 1592 1669 magis
1617 1620 1806 1668 placeant,

392 1665 449 1700 ubi
475 1664 712 1701 defunctorum
735 1669 893 1703 voluntas
922 1682 990 1705 non
1014 1670 1234 1711 adversatur,
1258 1673 1463 1709 maximum,
1488 1669 1538 1705 ait
1551 1668 1650 1704 Prior
1665 1695 1675 1708 2
1699 1670 1805 1704 robur

391 1711 541 1754 adjicere
558 1713 793 1759 Capitularem
814 1719 1081 1754 conventionem
1096 1746 1105 1760 ‚
1134 1730 1199 1764 qua
1224 1721 1361 1755 alternis
1386 1717 1522 1755 vicibus
1539 1716 1776 1763 Cappellanos
1793 1742 1805 1757 ,

391 1760 449 1794 vel
463 1760 622 1796 clericos
652 1761 805 1798 accerfiri
822 1789 832 1802 ,
857 1776 932 1799 cum
949 1765 990 1800 iis
1009 1776 1192 1812 utcumque
1214 1767 1372 1805 libuerit,
1392 1769 1432 1801 de
1443 1765 1548 1800 cereis
1562 1763 1695 1799 facibus
1708 1773 1808 1799 tran·

391 1805 451 1852 figi
477 1808 567 1853 posse
582 1810 713 1853 pactum
730 1808 795 1845 suit
811 1823 820 1843 =
854 1811 941 1847 hanc
957 1813 1226 1849 conventionem
1241 1815 1406 1850 servatam
1419 1812 1513 1848 fuisse
1526 1838 1535 1851 .
1565 1819 1601 1846 ut
1618 1811 1708 1846 nihil
1722 1822 1807 1856 pro-

391 1864 539 1899 ponatur
556 1881 566 1894 ,
588 1867 649 1891 cur
671 1854 832 1904 deinceps
856 1869 926 1894 non
948 1860 987 1895 sit
1011 1860 1179 1896 servanda
1205 1889 1215 1902 ‚
1237 1863 1430 1910 praesertim
1455 1871 1533 1895 cum
1559 1858 1627 1893 alia
1655 1858 1806 1900 ejusdem

391 1902 505 1952 cap-ita
530 1901 732 1945 serventur,
753 1905 784 1939 δι
814 1906 916 1941 Prior
939 1919 979 1942 ea
998 1908 1073 1943 usus
1090 1906 1154 1947 fit,
1182 1919 1284 1956 atque
1301 1919 1419 1944 utatur
1451 1905 1623 1955 modeste,
1646 1904 1706 1951 qui
1731 1917 1805 1940 1¹¹²·

395 1947 464 1999 jori
490 1950 627 1996 preiiO,
653 1963 755 1997 quarn
778 1951 864 1988 serat
886 1956 1092 1990 consuetudo
1118 1981 1128 1993 ‚
1154 1968 1264 1992 cereas
1296 1956 1386 1991 faces
1410 1953 1630 2002 egestantiurn
1653 1953 1810 1988 manibus

396 1995 558 2035 redimit;
585 2007 648 2031 nec
669 2000 962 2036 rnuiarelaesivam
987 2005 1071 2038 hauc
1095 2003 1209 2038 videri
1238 2004 1278 2039 de
1305 2003 1433 2038 facibus
1461 1999 1750 2039 conventionem,
1776 1999 1811 2034 &

395 2043 663 2087 provincialium
691 2045 931 2083 Conciliorum
945 2049 1181 2084 San-{tionibus
1200 2050 1407 2085 contrariam
1424 2075 1433 2090 ,
1454 2059 1531 2083 cum
1547 2047 1639 2081 enim
1660 2045 1812 2097 Cappel-

397 2089 468 2139 lani
497 2091 631 2126 nallum
658 2092 710 2134 ius
737 2094 910 2135 habeant,
941 2105 980 2131 ut
994 2098 1095 2132 funus
1118 2096 1178 2141 ipsi
1204 2107 1336 2133 tantum
1359 2097 1604 2143 prosequantur
1625 2119 1635 2132 ‚
1659 2104 1696 2128 1n
1723 2093 1810 2128 arbi-

396 2144 468 2170 trio
496 2136 654 2184 siquidem
680 2141 823 2188 parochi
857 2141 904 2176 est
925 2143 983 2178 vel
999 2155 1059 2179 eos
1074 2169 1084 2182 ,
1109 2144 1166 2178 vel
1180 2144 1264 2180 alios
1280 2144 1441 2179 ciericos
1457 2168 1466 2182 ,
1489 2142 1728 2176 &Sacerdotes
1751 2140 1808 2174 ad-

394 2193 514 2233 vocare
530 2210 538 2222 ,
566 2187 661 2221 nulla
690 2189 733 2223 iis
754 2188 880 2230 injuria
906 2187 967 2229 fit,
997 2189 1020 2224 fi
1044 2191 1085 2224 de
1101 2191 1213 2227 cereis
1241 2192 1393 2230 facibus,
1418 2192 1450 2226 ἃ
1475 2187 1687 2236 praestatione
1701 2195 1808 2223 certae

395 2234 600 2281 quantitatis
618 2235 652 2267 in
674 2247 789 2270 earum
818 2237 934 2272 locum
955 2248 1031 2272 curri
1053 2239 1182 2281 passum
1205 2238 1327 2277 fuerit,
1350 2238 1531 2284 praesertiin
1558 2245 1635 2268 cum
1659 2245 1699 2268 ex
1713 2245 1807 2269 com-

394 2287 488 2327 muni
517 2278 763 2317 consuetudine
789 2282 958 2320 Civitatis
982 2286 1029 2319 ita
1043 2285 1202 2321 hactenus
1225 2286 1394 2320 abiisdem
1411 2281 1616 2327 cappellanis
1641 2280 1809 2332 servatum

395 2322 500 2359 suerit
532 2351 542 2364 ,
572 2335 610 2359 ut
636 2338 805 2373 nequeant
829 2342 921 2365 nunc
946 2332 1115 2367 contraria
1138 2333 1317 2366 voluntate
1338 2329 1504 2365 vetustam
1531 2327 1808 2365 consuetudinem

395 2370 648 2411 intervertere‚·
674 2385 887 2421 compertum
914 2389 1058 2424 namque
1082 2379 1242 2413 omnibus
1264 2377 1310 2412 est
1327 2378 1360 2412 in
1374 2378 1435 2410 hac
1455 2403 1464 2416 ‚
1487 2377 1521 2411 in
1546 2386 1612 2422 qua
1624 2374 1808 2414 versamur,

394 2420 539 2454 materia
557 2446 567 2459 ‚
593 2421 873 2458 consuetudinem
891 2433 1071 2471 utramque
1091 2425 1257 2471 *paginam
1271 2450 1282 2464 ‚
1304 2424 1419 2458 facere
1444 2432 1481 2458 ut
1493 2435 1535 2458 ex
1547 2432 1620 2470 cap.
1632 2422 1806 2464 certifica-

396 2467 429 2498 ri
454 2467 492 2500 de
519 2469 695 2514 Sepultur.
713 2479 830 2504 monet
853 2481 920 2514 prae
942 2471 1018 2506 aliis
1046 2473 1229 2509 Monacell.
1249 2475 1283 2508 in
1297 2473 1465 2518 supplem.
1481 2472 1524 2505 ad
1544 2470 1688 2515 fbrmul.
1698 2470 1806 2516 legal.

395 2512 503 2555 ‘vol-3.
528 2516 563 2548 in
588 2518 727 2562 append.
750 2518 960 2561 Dec-sele&-

346 2556 431 2593 Haec
456 2557 584 2595 summa
611 2561 657 2596 est
680 2562 854 2599 rationum
869 2590 879 2603 ,
904 2576 977 2610 quae
1012 2563 1111 2600 Prior
1135 2563 1258 2600 libello
1278 2563 1338 2598 suo
1353 2564 1552 2610 complexus
1566 2563 1632 2600 est.
1655 2562 1807 2598 Nomine

394 2604 685 2649 cappellanorum
698 2609 789 2644 nihil
813 2611 974 2647 haetenus
997 2613 1116 2647 datum
1142 2611 1207 2647 fuit
1229 2638 1239 2651 ‚
1263 2612 1331 2646 imo
1355 2610 1515 2656 ipsisiura
1542 2611 1598 2646 sua
1620 2612 1722 2646 etiam
1737 2608 1808 2655 post

394 2651 555 2686 statutum
578 2657 766 2690 terminum
787 2657 954 2694 deducere
981 2659 1237 2706 negligentibus
1260 2685 1271 2698 ,
1296 2659 1361 2693 tria
1385 2671 1458 2704 quae
1482 2658 1666 2702 sequuntur
1688 2656 1808 2692 Dubii!

387 2696 574 2782 ‘s'ubstcripta
594 2699 736 2737 fuerunt
751 2729 762 2744 ,
783 2715 930 2752 quaeque
948 2717 1041 2742 nunc
1071 2705 1283 2752 ampliflimis
1303 2704 1456 2742 Patribus
1478 2703 1667 2742 definienda
1689 2713 1810 2785 fimf}-

412 2757 456 2782 un
479 2757 515 2784 ur
530 2770 541 2783 .
1718 2773 1728 2785 .
1797 2762 1817 2786 n
