1874 2961
116 130 192 166 tulo
207 128 330 166 indicta
342 128 441 167 novis
454 128 646 165 Canonicis
667 129 830 175 pactoque
857 135 1034 163 convento
1048 152 1058 166 ,
1083 136 1124 160 ne
1142 127 1330 171 participes
1345 125 1449 162 essent
1467 90 1543 162 frgi

118 178 230 213 {tuum
252 186 357 226 ,atque
376 179 624 215 obventionum
649 175 716 211 sive
740 175 989 211 ordinariarum
1006 202 1016 214 ‚
1041 171 1108 208 five
1137 183 1232 209 extra
1244 176 1414 209 ominem.
1440 183 1543 220 utque

122 236 184 274 pei·
210 225 303 261 vices
317 226 391 262 suas
417 225 592 261 servitium
617 223 895 270 praestarentcum
908 223 986 258 aliis
1000 222 1147 268 antiqua·
1163 247 1172 260 ,
1197 222 1379 265 priinaenue
1405 221 1540 255 institu-

124 273 228 308 tionis
249 273 436 311 Canonicis
450 272 571 318 absque
584 272 656 307 ullo
670 272 869 317 compendio
884 297 894 311 ,
918 270 985 306 sive
1002 268 1214 314 eleemosyna
1229 295 1238 307 ,
1263 279 1320 302 aut
1337 268 1428 302 Sacri
1444 268 1540 303 Con-

124 321 318 361 ventualis,
341 331 398 356 aut
425 319 574 355 aliorum
594 318 747 354 Ecciefiae
764 319 968 355 Officiorum
985 333 994 352 ε
1021 325 1141 351 contra
1156 327 1236 349 vero
1265 326 1371 349 novos
1385 314 1537 348 Canoni-

124 378 181 403 cos
194 368 373 415 participes
395 367 547 403 fecerunt
571 367 660 408 Juris
688 366 824 403 sedendi
848 392 858 404 ,
883 366 1022 401 honoris
1049 362 1174 409 Cappa*
1192 373 1320 407 magna:
1339 387 1349 400 ‚
1373 363 1404 395 &
1433 365 1540 396 liono-

125 426 200 450 mm
228 415 385 449 similium
402 442 410 450 .
436 414 510 450 1²0st
532 414 589 449 lias
603 414 846 461 Cappcllanias
873 415 907 449 in
932 410 1167 448 Canonicatus
1191 409 1314 443 erectas
1341 420 1429 443 nova
1454 406 1540 442 sacta

122 461 195 499 fuit
207 461 343 497 aoceffio
355 461 629 498 Canonicatuum
649 461 782 497 duabus
798 460 1035 509 Cappellaniis
1049 457 1230 494 Rectorum
1244 455 1403 491 Sodalitii
1420 455 1540 490 §ssa-

126 509 295 548 cramenti
313 535 322 548 ,
344 510 375 545 δι
391 509 533 545 alterius
553 508 781 546 Canonicatus
797 508 1029 545 fundationem
1052 533 1061 546 ,
1083 506 1115 540 δι
1128 503 1248 540 dotem
1264 504 1413 539 contulit
1428 502 1541 536 Fran-

124 557 236 597 ciscus
254 556 391 592 imbibo
407 584 415 597 ,
444 569 518 604 quae
540 568 637 593 novae
651 556 851 594 accessiones
876 556 964 591 fasta:
981 554 1118 591 fuerunt
1143 551 1260 587 iisdem
1272 550 1416 597 Legibus
1433 576 1442 588 ,
1459 560 1542 584 con-

123 604 343 644 ditionibus,
363 605 394 640 &
412 604 569 640 oneribus
584 629 594 642 ,
617 615 691 649 quae
704 605 802 644 data,
827 614 928 649 atque
953 603 1111 650 imposita
1134 597 1271 634 fuerant
1293 597 1414 643 primis
1437 596 1537 631 novis

119 651 310 693 ,Canonicis
323 675 332 685 .
359 652 509 687 Demum
523 652 669 686 alterum
688 652 930 686 incrementum
946 651 1068 686 sactum
1086 647 1151 683 suit
1168 657 1255 681 anno
1280 655 1375 690 ¹70¹·
1395 655 1413 678 a
1428 644 1538 679 Soda-

122 700 203 737 litio
228 699 360 734 Montis
379 699 601 733 Mortuorum
629 700 796 735 erectione
818 709 940 733 novem
950 695 1252 743 Cappellaniarum
1284 693 1317 728 in
1333 691 1540 726 Canonica·

127 759 202 784 tus=
225 746 280 780 his
307 757 390 782 vero
415 745 637 791 superadditis
657 746 844 783 Canonicis
870 746 1000 781 Montis
1027 744 1250 781 Mortuerum
1275 740 1408 785 placuit
1439 748 1540 774 vete-

127 795 222 832 ribus
245 791 433 828 canonicis
471 802 593 839 praetei·
629 794 713 829 illud
739 794 860 840 agendi
880 804 943 838 per
968 803 1105 828 turnum
1128 790 1256 824 sacrum
1282 786 1512 836 conventuale
1531 811 1542 825 ‚

121 841 216 878 aliud
242 851 332 876 onus
352 840 499 876 adiicere
524 841 690 888 implendi
719 841 940 876 ministerium
961 838 1138 878 Diaconi,
1163 838 1193 870 ὃ(
1211 835 1414 883 subdiaconi
1438 833 1471 865 in
1487 831 1541 883 sat

122 887 193 925 ctis
213 887 438 927 solemnibus,
466 887 560 933 quod
587 900 625 924 ea
638 899 752 925 mente
774 889 882 925 facere
894 885 1127 933 expresserunt
1142 892 1300 922 veteres,
1329 889 1367 915 ut
1381 878 1439 924 ipsi
1455 906 1464 919 ,
1481 890 1540 925 qui

124 936 170 972 de
189 929 345 982 (ῘΟΥΡΟΓΕ
368 960 377 976 ι
401 934 458 970 seu
478 936 518 969 de
534 935 643 972 Massa
655 937 877 984 appellantur
891 961 901 975 ‚
926 936 1121 971 levarentur
1144 931 1219 966 inde
1243 937 1345 965 onere
1362 928 1538 977 Sacrorum

127 982 424 1019 conventualium
439 1008 449 1021 ‚
475 984 507 1017 δι
524 983 727 1019 Diaconalis
741 981 918 1019 ministerii
936 1010 944 1023 ‚
971 990 1083 1017 totum
1098 978 1181 1015 illud
1194 976 1391 1019 rejicientes
1410 984 1444 1008 in
1456 973 1540 1008 alios

126 1041 213 1077 quos
222 1032 466 1077 nuncupabant
478 1029 670 1072 Adiunctos
683 1058 694 1073 ,
720 1030 778 1065 seu
794 1029 884 1067 della
904 1030 1023 1077 giunta
1035 1035 1152 1063 contra
1165 1034 1291 1060 morem
1305 1050 1314 1063 ‚
1344 1021 1376 1056 &
1400 1019 1540 1072 consue—

129 1076 281 1127 tudinem
295 1076 459 1114 retroacti
481 1078 666 1122 temporis,
688 1090 757 1125 quo
772 1077 834 1113 soli
855 1077 997 1123 primum
1011 1102 1020 1116 ‚
1045 1074 1122 1110 inde
1146 1084 1224 1109 cum
1238 1069 1353 1116 primis
1377 1068 1539 1109 adiunctis

127 1126 361 1170 partiebantur
385 1125 567 1159 Sacrorum
592 1153 603 1166 ‚
636 1135 742 1172 atque
770 1123 923 1161 Ecclesia·
949 1122 1126 1160 servitium
1145 1147 1154 1161 ,
1179 1119 1365 1155 retinentes
1395 1124 1541 1166 tarn-en.»

128 1171 258 1224 semper
275 1171 513 1219 stipendium,
535 1172 566 1207 &
593 1172 866 1222 eleemosynam,
893 1184 965 1221 quae
993 1168 1166 1217 praestatur
1191 1177 1234 1203 ex
1259 1162 1359 1200 masta
1381 1160 1542 1197 distribu-

127 1228 293 1256 tionum..
1461 1241 1463 1243 .

83 1266 140 1302 Ab
165 1276 256 1301 anno
275 1276 374 1308 ¹70¹·
400 1277 470 1302 tam
495 1267 621 1314 primi,
641 1278 743 1315 quarn
770 1266 904 1304 secundi
926 1264 1071 1310 adjunCti
1099 1263 1327 1308 impleverunt
1341 1267 1425 1292 onus
1445 1254 1543 1290 indi·

128 1314 218 1348 Qum
240 1338 251 1352 ‚
275 1324 549 1361 conventumque
576 1316 671 1351 Sacri
700 1314 938 1351 conventualis
969 1311 1089 1359 agendi
1114 1321 1191 1345 cum
1221 1318 1308 1343 vero
1329 1315 1418 1339 anno
1443 1311 1543 1354 1744-

128 1360 222 1396 edita
246 1359 358 1397 fuisset
379 1362 593 1398 Constitutio
614 1363 710 1399 Cum
736 1364 863 1408 semper
885 1360 1019 1407 Optimi
1050 1356 1339 1401 Sacratissimique
1362 1348 1544 1387 pontificis

128 1406 301 1444 Benedicti
326 1406 430 1444 XiV.
455 1421 528 1456 quae
552 1410 635 1446 data
648 1410 713 1445 fuit
729 1411 863 1450 Vol.13.
893 1410 984 1454 Thes.
1010 1407 1082 1452 Res:
1115 1411 1190 1440 Sac.
1214 1396 1545 1452 C0²{g-R⁶²gylz2·,&

127 1466 228 1502 quam
243 1455 370 1491 servari
395 1456 484 1499 juffit
511 1456 694 1506 Episcopus
724 1455 974 1496 Abellinenfis,
1003 1451 1149 1496 adjunffl
1174 1447 1421 1485 constitutionis
1448 1443 1544 1479 illius

129 1509 250 1550 aperta
274 1504 348 1549 lege
365 1512 495 1539 veteres
522 1503 588 1540 five
607 1507 647 1540 de
660 1504 836 1551 Corpore,
857 1505 888 1539 &
904 1504 948 1539 ad
966 1504 1098 1538 Sacrum
1110 1494 1350 1533 Conventuale
1363 1490 1544 1538 agendum,

127 1552 160 1585 ὅ(
175 1549 234 1586 fibi
260 1550 338 1596 ipsis
353 1551 559 1595 pendendam
586 1551 649 1587 effe
663 1552 910 1598 eleemosynam
932 1550 996 1586 rati
1020 1556 1134 1595 preces
1149 1543 1212 1581 hac
1238 1543 1277 1577 de
1291 1553 1329 1593 re
1339 1539 1545 1575 obtulerunt

129 1597 338 1643 ampliffimis
350 1598 507 1634 Patribus
521 1624 531 1637 ,
545 1599 728 1646 auditoque
743 1625 752 1639 ,
778 1609 815 1634 ut
832 1597 904 1643 fieri
921 1598 1006 1632 solet
1023 1621 1032 1635 ,
1056 1591 1236 1639 Episcopo,
1254 1601 1312 1636 qui
1327 1585 1546 1624 secundum.-

79 1673 82 1676 .
129 1645 314 1687 Adiunctos
344 1645 535 1692 respondit,
563 1645 660 1682 causa
683 1645 876 1683 definienda
901 1643 1127 1691 proponitur.
1151 1640 1297 1687 Veteres
1322 1642 1445 1686 urgent
1479 1643 1545 1681 Pa.-

131 1694 219 1727 Ctum
246 1703 477 1728 conventum:
505 1695 586 1729 novi
609 1703 733 1740 urgent
756 1693 844 1739 paui
877 1691 1117 1736 iniquitatem:
1144 1685 1316 1728 judiciuin
1343 1692 1458 1727 itaque
1479 1686 1545 1730 erit

131 1740 477 1776 Eminentiffimorum
492 1740 632 1777 Parrum
658 1742 693 1776 in
707 1741 770 1777 hac
795 1736 1024 1777 controversia
1038 1762 1048 1775 ,
1070 1743 1109 1770 ut
1129 1732 1315 1780 expediant
1339 1737 1442 1777 caput
1468 1736 1543 1761 um·-

131 1799 230 1826 cum,
257 1789 348 1834 quod
372 1788 568 1831 subjicimus
586 1814 595 1822 .

84 1840 143 1870 An
157 1835 226 1879 soli
252 1838 407 1871 canonici
425 1835 832 1882 fiapranzmzerarii,five
856 1838 894 1872 de
919 1832 1093 1877 ,Adjunfla
1117 1837 1297 1865 teneantur
1316 1822 1434 1868 fisbi're
1459 1833 1541 1856 onus

180 1882 396 1918 Hebdomade
421 1886 454 1917 in
468 1884 609 1926 Ecclesia
634 1882 849 1920 cathedrali,
874 1895 912 1917 ac
932 1877 1174 1916 celebrationis
1200 1873 1299 1919 Miff'v'
1329 1877 1542 1905 Conventua-

179 1931 225 1965 lis
241 1955 252 1969 ,
279 1930 438 1976 illiusque
467 1931 709 1976 applicationis
729 1938 791 1977 pro
818 1923 1092 1972 Benefitcfloriblts
1123 1924 1158 1958 in
1181 1933 1309 1967 genere
1333 1916 1456 1963 absque
1479 1928 1542 1955 ἔθ’

180 1978 266 2023 quod
284 1985 405 2024 petere
421 1976 565 2012 valeant
579 1975 818 2021 eleemosynam
833 1989 852 2010 a
868 1974 1040 2012 canonicis
1057 1968 1312 2018 antiquioribus
1329 1966 1363 1999 in
1378 1963 1452 2009 casu
1466 1965 1542 2000 &c-

179 2076 261 2111 Non
286 2073 456 2122 proposita
483 2085 562 2111 cum
585 2074 803 2124 sequentibus
825 2100 832 2110 .

87 2209 389 2298 PRAGNEN.
415 2209 845 2247 DISPENSATIONIS:
871 2208 1036 2245 Coactum
1060 2207 1092 2244 se
1111 2204 1201 2242 fuisse
1217 2199 1359 2236 afferens
1381 2195 1543 2251 Francis-
1582 2198 1769 2238 sest-ma·

173 2270 232 2294 cus
246 2258 404 2294 Rocchus
429 2258 587 2295 Bieschin
601 2258 769 2293 Bohemus
789 2256 897 2302 Eques
920 2256 979 2295 vi,
1005 2266 1164 2301 metuque
1188 2248 1466 2298 exhaeredationis
1490 2257 1543 2280 a„
1582 2242 1622 2270 (θ’
1632 2247 1662 2276 3·
1672 2239 1708 2269 de
1719 2234 1775 2276 “fi

132 2307 248 2342 Matre
269 2305 370 2341 illato
394 2307 431 2341 ad
447 2307 585 2342 Sacrum
599 2305 867 2341 Subdiaconatus
890 2302 1052 2338 Ordinem
1077 2295 1446 2347 suscipiendum-petiit
1462 2302 1544 2344 pre-

133 2354 228 2390 cibus
245 2353 384 2390 Summo
396 2351 556 2389 Pontifici
580 2352 708 2388 oblatis
728 2350 998 2387 declarationem
1019 2348 1192 2385 nullitatis
1219 2343 1359 2393 Ordinis
1377 2339 1544 2391 suscept13

131 2402 286 2436 mandata
313 2400 378 2436 fuit
394 2401 530 2444 hujusce
546 2400 594 2434 rei
615 2398 767 2447 cognitio
781 2397 990 2445 ampliffimis
1006 2394 1190 2433 Patribus,
1221 2392 1255 2425 ἃ
1271 2389 1410 2441 auditus
1421 2395 1460 2422 ut
1469 2384 1547 2440 fien

134 2448 216 2483 solet
240 2447 521 2494 Archiepiscopus
545 2446 714 2493 pragensis
730 2474 740 2487 ‚
768 2442 934 2490 respondit
958 2445 1012 2478 die
1037 2454 1063 2483 3.
1083 2438 1230 2487 Augusti
1247 2447 1328 2471 anni
1353 2437 1449 2480 1736·
1467 2443 1549 2468 cen·

134 2496 200 2530 sere
224 2506 338 2540 preces
358 2496 506 2531 veritate
526 2506 595 2529 non
620 2496 687 2528 niti
704 2520 712 2529 .
739 2492 868 2528 lterum
894 2492 1009 2537 itaque
1025 2488 1220 2525 Franciscus
1233 2480 1548 2534 Romans-Sacrum

133 2545 198 2578 hoc
209 2540 383 2578 Tribunal
406 2541 523 2578 libello
537 2541 649 2581 adiit,
673 2538 772 2575 testes
794 2537 957 2584 plurimos
985 2538 1109 2577 edens,
1135 2533 1259 2582 quibus
1271 2528 1408 2582 probari
1433 2535 1547 2562 metus

134 2586 310 2637 potuisset:
343 2590 494 2626 Auditus
516 2589 638 2624 iterum
663 2584 945 2631 Archiepiscopus
969 2582 1108 2619 testibus
1124 2579 1349 2618 examinatis,
1376 2573 1549 2627 instrqu-

134 2646 198 2683 que
222 2634 369 2681 processu
389 2637 493 2672 refert
518 2636 670 2671 aversum
692 2631 862 2669 Francisci
878 2632 1030 2668 animum
1044 2631 1085 2664 ab
1097 2626 1289 2664 Ordinibus
1306 2620 1551 2660 Ecclesiasticis

132 2685 164 2721 δι
179 2682 314 2730 praesens
341 2684 552 2730 periculum,
571 2695 614 2718 ne
631 2708 642 2723 ,
669 2691 705 2718 ut
731 2681 772 2716 ab
796 2679 872 2716 aliis
895 2678 1020 2715 factum
1043 2677 1090 2712 est
1104 2703 1115 2718 ‚
1141 2676 1182 2711 ad
1203 2672 1339 2712 vicinos
1369 2669 1550 2750 He‘egfi‘f
