1883 2907
461 175 510 206 pus
520 163 598 193 unius
611 161 672 192 anni
689 173 702 192 a
714 160 759 193 die
771 159 988 202 nominationis,
1003 166 1069 188 con-

460 204 592 242 iemplata
608 211 701 235 tamen
716 210 797 230 atate
809 199 962 231 conciliari,
975 200 1002 226 8<
1013 209 1068 230 non

459 243 607 275 nominatis
629 240 674 270 nili
689 250 750 278 quae
763 238 958 268 duodecimum
979 239 1067 267 :etatis

462 292 565 314 annum
585 281 758 319 expleverint
791 278 817 306 in
838 276 960 306 firmana
984 274 1066 305 subii-

458 323 570 352 diorum
585 320 719 353 dotalium
731 322 779 348 26.
788 317 865 360 Junii
873 320 1067 360 pag.³9.dcum

456 361 516 399 seq.

420 554 585 587 Nnullitate
597 552 742 585 concursus
762 561 797 581 ex
809 550 916 582 defeRu
939 551 968 580 &
980 550 1062 582 inob-

427 594 526 627 servati
539 594 618 632 super
641 593 786 624 doctrina,
807 601 839 620 ac
853 589 977 621 moribus
992 599 1061 620 exa-

450 635 547 666 minis,
572 635 599 668 δι
613 632 840 664 Examinatoruni
862 639 878 658 a
901 630 1060 660 zac-Trici.

448 672 562 702 Concil·
592 683 621 702 re
645 671 788 702 uiiitorum
826 668 985 707 responsum
1005 667 1057 698 fuir

446 711 497 741 efl'e
516 711 607 740 locum
636 709 756 741 anationi
780 708 814 738 ad
823 708 991 740 Cauthelam
1003 726 1013 741 ‚
1031 709 1060 736 &

445 751 479 780 ad
499 757 621 779 mentem
634 751 661 779 in
682 749 863 785 Polieastren.
877 748 1059 783 Parrochialis

444 791 477 820 18
483 806 492 818 .
500 791 576 828 Sept·
591 798 657 830 pag.
671 798 720 831 59.

678 875 743 943 O

444 985 508 1018 Nus
528 986 674 1016 Sacrorum
694 986 723 1017 in
742 985 836 1024 legato
853 983 982 1014 relifflum
1002 993 1054 1023 pet

451 1023 594 1062 quondam
618 1026 774 1065 Scipionem
788 1024 929 1054 Muratoti
950 1025 1054 1062 ptaevio

440 1063 542 1096 recessu
556 1073 571 1091 a
582 1063 672 1095 decifis
684 1065 827 1097 duxerunt
843 1061 1052 1095 eminentiffiml,

439 1102 494 1131 1²1³.
520 1112 574 1133 non
594 1104 645 1133 effe
669 1111 853 1144 perpetuum,
874 1101 920 1131 sed
941 1109 1051 1131 tantum

441 1141 578 1178 personale
590 1163 601 1176 ‚
619 1142 739 1182 ideoque
752 1142 909 1178 expiratum
924 1151 972 1178 per
988 1139 1053 1169 obi·-

435 1188 502 1209 ‘tum
517 1181 673 1211 Sacerdotis
694 1181 854 1220 poffidentis
875 1182 905 1214 in
916 1182 1049 1214 Romana

438 1218 538 1256 Legati
559 1230 607 1250 ιο.
619 1222 714 1252 Martii
726 1228 843 1260 pag-15.

667 1305 718 1370 Ρ

424 1413 541 1443 Arochis
560 1413 724 1446 secularibus
734 1414 832 1445 Terrae
853 1414 956 1445 Suriani
972 1414 1044 1444 veti„

424 1457 482 1490 tum
497 1452 549 1481 fuit
558 1455 729 1492 praetendere
739 1455 774 1484 ab
783 1454 934 1483 haeredibus
945 1452 1046 1483 defun·-

437 1490 544 1520 &orum
562 1497 648 1529 majus
664 1492 908 1525 emolumentum,
931 1492 1044 1530 quando

435 1531 570 1565 cadavera
582 1531 746 1571 sepeliuntur
766 1531 795 1560 in
814 1529 937 1563 Eccleliis
950 1534 1044 1570 Regu·

435 1567 554 1603 laribus,
579 1581 662 1609 quam
677 1571 813 1609 accipiant
832 1571 943 1610 quando
954 1571 981 1600 in
995 1573 1043 1598 Ec·-

435 1607 523 1637 clefiis
544 1607 711 1640 secularibus
736 1610 814 1641 dietae
827 1612 926 1641 Terrae
944 1619 1041 1640 tumu-

434 1646 529 1678 lantur
550 1649 577 1678 in
597 1649 726 1683 Hortana
758 1652 895 1684 Funerum
918 1656 946 1686 3.
968 1651 1040 1693 Apr-

434 1693 499 1724 pag·
512 1695 559 1715 ιι.
578 1696 641 1717 cum
658 1689 717 1727 seq.

362 1722 489 1757 Praeiatio
499 1724 526 1754 in
536 1724 734 1758 deliberatione
745 1727 804 1758 affis
816 1726 984 1756 haereditarii
996 1737 1041 1757 re-

434 1762 491 1792 listi·
514 1773 578 1794 cum
599 1774 684 1799 onere
698 1765 782 1803 legati
805 1766 842 1805 pii
855 1766 971 1803 elargita
985 1764 1041 1796 fuit

433 1801 568 1846 §apitulo
596 1804 774 1836 cathedralis
797 1804 912 1844 Cinguli
932 1804 1038 1836 haerede

431 1849 488 1876 Jam
498 1838 718 1876 substitutoffaeia
730 1852 823 1876 tamen
834 1854 882 1882 per
890 1843 960 1873 illud
967 1845 1039 1876 obli.

433 1878 546 1917 gatione
560 1882 641 1911 Sacra
659 1882 816 1914 celebrandi*
839 1885 916 1918 juxta
939 1893 1038 1914 nume-

431 1928 494 1947 rum
516 1919 745 1956 praelctibendum
773 1920 807 1950 ab
833 1921 966 1960 Episcopo
987 1932 1039 1960 pro

432 1964 492 1985 rata
505 1956 660 1987 reddituum
674 1960 946 1998 correspondentiam
963 1962 1040 1998 capi-

400 2026 403 2027 7
432 1994 482 2024 tali
493 1995 589 2026 oblato
601 1997 635 2027 ab
650 1997 704 2027 alio
713 1999 855 2029 ricitatore
870 2019 880 2032 ‚
901 1998 936 2028 ad
948 2001 1039 2028 ratio-

433 2043 497 2061 nem
517 2037 602 2064 trium
622 2035 764 2071 scutorum
785 2048 838 2078 pro
854 2046 1011 2068 centenario
1024 2057 1035 2072 ,

435 2072 464 2099 &
475 2071 653 2117 eleemosynae
666 2084 802 2115 perpetua*⁸
820 2075 922 2114 absque
934 2078 977 2114 ipe
990 2087 1034 2106 re-

378 2140 381 2142 ,
433 2109 568 2141 duflionis
589 2123 622 2141 ex
642 2117 721 2146 causa
742 2115 965 2146 deteriorationis
985 2116 1036 2147 bo·

433 2157 532 2193 notum
556 2151 583 2180 i'n
606 2151 764 2191 Cingulana
797 2153 965 2187 Ptaelationis
988 2166 1037 2191 29,

434 2187 501 2216 Maii
513 2198 540 2225 p.
552 2195 596 2224 32.
607 2198 669 2219 cum
681 2191 740 2231 seq·

359 2224 524 2263 Praepofitus
534 2248 543 2260 ‚
556 2229 773 2269 Cappellanique
786 2233 972 2268 Coadjutores
987 2236 1037 2262 Ec·

430 2264 517 2295 clefia:
529 2267 708 2298 Parrochialis
726 2272 772 2300 SS.
786 2271 878 2301 Felicis
898 2274 925 2299 δι
938 2272 1036 2301 Adau-

427 2304 480 2348 ᾅῐ,
499 2313 608 2336 attento
624 2305 739 2339 decreto
753 2308 876 2349 Episcopi
888 2310 1035 2348 Justinian'i

426 2353 559 2387 immunes
572 2343 702 2376 declarati
715 2348 827 2379 suerunt
847 2349 881 2378 ab
896 2350 1029 2386 Applica-

429 2389 502 2412 tione
513 2384 657 2414 Sacrorum
666 2405 677 2418 ‚
687 2387 734 2423 lita
747 2396 778 2418 ut
791 2389 894 2426 poss'enc
904 2389 1028 2426 recipere

430 2419 633 2462 eleemosynam
653 2425 687 2454 ab
698 2425 872 2459 offerentibus
883 2443 895 2459 9
915 2436 1031 2463 accepto

430 2465 526 2502 tamen
536 2471 616 2492 onere
638 2463 757 2497 duorum
770 2466 1031 2496 Anniversarioruiu

432 2504 511 2538 unius
522 2509 619 2538 nempe
631 2511 682 2539 pro
689 2506 795 2539 Joanna
805 2503 932 2535 Cercliua
942 2527 952 2540 ‚
963 2505 1032 2536 alte.

432 2542 490 2563 rius
504 2545 555 2573 pro
567 2540 788 2573 Benesafloribus
800 2565 809 2577 ,
830 2543 957 2583 fafloque
969 2554 1030 2574 ver-

432 2571 473 2615 bo
481 2583 543 2603 cum
551 2578 718 2610 Sanaiffimo
729 2582 754 2610 in
769 2585 909 2613 Veronen·
924 2585 1031 2618 ²6·Ju-

430 2619 556 2679 gabpag.
569 2625 619 2654 40·
637 2626 701 2647 cum
728 2619 832 2650 duabus
853 2620 910 2659 seq.
922 2622 956 2651 ad
971 2622 1033 2656 bina

355 2684 514 2731 Presbyteri
523 2712 534 2727 ,
546 2692 636 2730 quiex
650 2693 762 2725 decretis
773 2697 898 2741 Episcopi
913 2699 1035 2731 Aurien-

381 563 405 614 l

365 1420 412 1484 Ρ

897 83 1315 145 INDEX

1186 159 1238 192 fis,
1257 156 1298 187 uti
1318 154 1391 186 male
1410 155 1534 187 ordinari
1554 165 1618 189 eum
1632 158 1730 190 litteris
1749 158 1794 192 di.

1186 195 1314 227 missorii:
1328 196 1432 226 vicarii·
1457 198 1639 227 Commeudae
1657 199 1791 232 Hieroso-

1184 237 1326 277 lymitanae
1343 235 1378 265 de
1391 236 1497 267 Pazzos
1510 253 1523 271 ‚
1547 238 1661 276 stiipe-nli
1675 249 1689 268 a
1703 240 1792 270 bacris

1182 276 1336 307 Ordinibus
1357 275 1531 315 tensurilque
1554 276 1616 307 dein
1641 278 1722 316 legati
1743 279 1793 308 de.

1185 316 1280 346 tiarati
1292 317 1399 345 fuerant
1413 337 1422 350 ‚
1437 325 1500 345 cum
1513 316 1654 347 recursum
1667 317 1701 346 ad
1713 319 1792 347 Enii·

1184 355 1352 386 nentiffinios
1379 356 1423 387 PP
1455 356 1598 389 habuerint
1617 375 1627 390 ‚
1664 356 1794 394 relciple-

1182 403 1246 423 runt
1266 394 1389 429 suspenia
1402 404 1586 434 exequutione
1607 395 1790 428 decretorum

1181 433 1216 464 ad
1228 437 1352 463 Mentem
1362 445 1371 463 ι
1397 436 1424 462 δι
1439 436 1514 464 Mens
1529 433 1582 464 fuit
1594 453 1603 469 ,
1630 435 1706 474 quod
1722 438 1790 467 tales

1180 474 1340 512 presbyteri
1364 472 1523 504 exhiberent
1539 474 1648 504 seorliin
1663 475 1758 504 titulos
1772 494 1785 509 ,

1179 514 1207 541 δι
1219 514 1386 542 documenta
1406 512 1458 543 suae
1468 512 1651 544 ordinationis
1664 533 1676 547 ,
1689 523 1787 544 corain

1180 552 1348 585 Ordinatio,
1358 552 1406 589 qui
1418 553 1577 591 procederet
1587 561 1672 591 prout
1683 554 1716 583 de
1726 556 1788 589 jure

1179 593 1214 623 ad
1239 591 1457 622 declarationem
1476 601 1505 622 in
1520 593 1635 623 Aurien.
1662 592 1789 625 Ordina-

1177 632 1286 661 tionum
1299 633 1328 658 8.
1343 632 1408 661 Maii
1424 639 1541 670 pagae-

1097 670 1258 706 Primicerio
1270 691 1280 704 ,
1299 668 1507 708 Canonicisque
1531 668 1675 709 deputatis
1688 668 1790 699 Eccle-

1179 710 1219 740 fiae
1233 708 1398 748 Collegiatae
1411 709 1525 743 Terlitii
1542 710 1664 745 injunsta
1677 709 1728 740 fuit
1744 708 1790 740 so.

1177 749 1251 780 lutio
1282 748 1506 780 distributionum
1535 749 1786 788 quotidianarum,

1172 787 1358 828 impofitaque
1375 787 1420 818 lex
1441 797 1476 818 ne
1487 787 1606 826 expeusae
1624 786 1785 819 futurarum

1172 827 1264 858 litium
1287 827 1396 857 detrahi
1407 827 1511 866 pollent
1527 836 1561 856 ex
1585 826 1782 859 distributioni·

1173 866 1224 897 bus
1237 867 1422 905 quotidianis,
1444 865 1488 896 sed
1509 866 1562 895 esse
1582 865 1784 897 recurrendum

1170 906 1198 936 in
1211 905 1315 935 cafibus
1337 906 1546 944 particularibus
1568 906 1595 935 in
1611 909 1781 942 Juvenacen.

1171 944 1394 975 distributionum
1415 943 1641 984 quotidianarum
1665 954 1691 979 ς.
1710 947 1783 984 Αρτ.

1170 985 1273 1055 gcbz9.
1285 984 1351 1015 Maii
1361 994 1428 1025 pag.
1444 993 1488 1021 ¹9·
1506 984 1534 1012 ὅ(
1547 992 1594 1021 30.
1616 983 1652 1015 ad
1674 983 1775 1019 bina-j

1192 1035 1207 1053 u
1231 1043 1237 1049 =

1091 1061 1296 1097 Ptimicetiatus
1315 1063 1456 1103 dignitatis
1481 1063 1723 1103 afl'equutionem‚
1748 1063 1779 1094 δε

1169 1102 1355 1133 retentionem
1380 1113 1444 1134 cum
1455 1103 1552 1132 asserta
1575 1101 1722 1141 praebenda
1742 1104 1777 1132 de

1166 1142 1225 1176 jure
1248 1141 1412 1175 Patronatus
1446 1142 1522 1172 illius
1543 1137 1666 1181 Capituli
1694 1140 1779 1174 semel

1164 1178 1296 1217 superiori
1330 1191 1404 1211 anno
1436 1182 1600 1220 denegatam
1629 1180 1777 1211 Canonico

1166 1219 1318 1259 Theologo
1341 1219 1462 1251 Ecclefiae
1486 1220 1663 1251 cathedralis
1674 1218 1778 1247 Castri-

1162 1258 1245 1288 matis
1265 1260 1368 1290 iterum
1389 1260 1559 1299 expolcitam
1586 1268 1641 1288 non
1664 1256 1774 1290 indulsit

1161 1299 1238 1328 Sacr·
1259 1299 1365 1337 Congr.
1390 1308 1418 1328 in
1443 1297 1619 1333 Castrimatis
1639 1297 1776 1327 Primice-

1162 1339 1247 1368 riatus
1260 1347 1302 1374 ις,
1316 1339 1396 1367 Febr.
1407 1347 1460 1377 pag
1470 1345 1503 1372 9.

1084 1375 1170 1409 Priori
1183 1375 1288 1416 inlignis
1300 1376 1464 1415 Collegi-itae
1477 1376 1598 1410 Ecclesiae
1623 1376 1672 1406 SS.
1686 1374 1776 1410 Petri,

1161 1416 1190 1443 δι
1204 1414 1339 1445 Dalmatii
1357 1415 1534 1445 Alexandriae
1545 1433 1556 1448 ‚
1579 1423 1689 1445 attenta
1700 1423 1776 1443 con·

1160 1457 1290 1485 ventione
1299 1456 1357 1492 jam
1369 1454 1440 1488 fasta
1453 1454 1499 1483 sub
1509 1453 1553 1483 die
1564 1461 1578 1478 2
1587 1464 1613 1490 ς.
1628 1455 1770 1492 Septemb.

1163 1501 1245 1529 174⁰·
1271 1503 1327 1523 non
1350 1493 1402 1524 fuit
1428 1492 1584 1532 pern-issum
1608 1502 1709 1523 vocare
1734 1491 1772 1522 ad

1159 1531 1255 1561 funera
1282 1533 1441 1566 Sacerdotes
1469 1531 1519 1564 fiii
1540 1533 1681 1562 benevisos
1701 1552 1711 1565 ,
1740 1533 1771 1562 &

1161 1569 1255 1608 quoad
1277 1572 1475 1610 pertinentiam
1502 1581 1570 1600 cerae
1593 1571 1770 1609 gestatotiae,

1161 1619 1245 1646 quam
1269 1609 1436 1649 Cappellani
1460 1610 1663 1648 praetendebant
1684 1609 1773 1638 existi.

1159 1657 1267 1677 matum
1289 1648 1363 1683 fuit,
1390 1658 1421 1679 ut
1442 1659 1533 1689 partes
1551 1647 1713 1680 devenirent
1733 1647 1771 1680 ad

1158 1688 1376 1718 conventionem
1400 1691 1479 1723 juxta
1506 1688 1684 1719 concordiam
1704 1707 1716 1720 ,
1739 1689 1771 1717 δε

1159 1726 1270 1755 interim
1297 1725 1451 1757 servaretur
1473 1726 1585 1756 solitum
1603 1729 1630 1756 in
1648 1725 1772 1756 Alexan-

1156 1763 1245 1835 ‹illrilnad
1256 1765 1384 1798 funerum
1409 1770 1459 1796 28.
1476 1768 1551 1808 Aug-
1571 1776 1639 1809 pag.
1653 1774 1704 1805 53.
1732 1763 1770 1798 ad

1205 1823 1214 1832 .
1247 1808 1295 1834 ub.

1078 1842 1210 1877 Profeffio
1227 1865 1237 1880 ,
1259 1853 1319 1883 quae
1341 1855 1376 1874 ex
1389 1844 1522 1876 sentenvia
1537 1845 1654 1875 Abbatis
1664 1843 1765 1872 Gene-

1155 1883 1221 1912 ralis
1232 1884 1347 1913 Ordinis
1366 1883 1607 1914 I‘raemostratcnsis
1618 1900 1630 1916 ,
1652 1883 1692 1910 uti
1704 1882 1767 1911 irri-

1158 1931 1187 1950 ta
1200 1943 1210 1957 ,
1229 1923 1256 1950 &
1269 1932 1366 1963 contra
1377 1923 1452 1952 illius
1462 1922 1566 1952 ordinis
1580 1921 1766 1963 constitutio.

1157 1970 1204 1990 nes
1223 1960 1317 1990 emissa
1336 1961 1475 1991 declarata
1498 1960 1589 1991 fuerat
1596 1972 1607 1995 3
1625 1972 1659 1991 ex
1681 1959 1768 1992 oscita

1156 1998 1218 2029 dein
1242 1998 1321 2037 super
1343 2001 1403 2030 talis
1432 2000 1574 2030 sententiae
1597 1970 1742 2030 validpitate
1755 2018 1768 2034 ,

1137 2040 1183 2068 ·S.
1202 2037 1311 2076 Congr-
1332 2038 1485 2070 resolutum
1509 2038 1562 2069 fuit
1582 2061 1592 2073 ,
1615 2037 1768 2078 supplicau-

1152 2077 1220 2107 dum
1237 2077 1288 2108 effe
1301 2080 1474 2110 sancliffimo
1487 2087 1539 2116 pro
1551 2077 1672 2112 ejusdem
1684 2076 1767 2105 sana·

1154 2118 1230 2147 tione
1242 2117 1270 2147 in
1281 2117 1456 2152 Namurcen.
1478 2128 1525 2152 ³0·
1534 2119 1601 2152 Jan.
1609 2127 1637 2155 p.
1662 2126 1686 2143 i-

1077 2155 1216 2189 Profeffio
1222 2166 1258 2186 ex
1270 2157 1297 2190 vi
1311 2166 1446 2195 metuque
1456 2164 1574 2195 paterno
1583 2165 1626 2185 em
1632 2152 1688 2189 iffa,
1700 2152 1767 2182 nul-

1153 2197 1180 2226 la
1192 2196 1345 2225 existimata
1356 2195 1410 2224 fnit
1417 2214 1428 2229 ,
1440 2195 1504 2223 data
1521 2195 1606 2223 etiam
1618 2193 1765 2227 facultate,

1154 2243 1293 2274 onereque
1314 2231 1449 2271 Episcopo
1471 2233 1642 2272 procedendi
1664 2241 1765 2263 contra

1156 2274 1265 2302 Patrem
1281 2280 1363 2308 prout
1372 2273 1477 2307 dejure
1492 2271 1518 2300 in
1529 2272 1694 2302 Lancianen·
1706 2273 1766 2301 Re·

1151 2311 1296 2341 stitutionis
1332 2311 1362 2340 in
1393 2312 1532 2354 integrum
1554 2319 1601 2346 ις.
1624 2309 1764 2343 Februarii

1167 2360 1180 2378 a
1203 2359 1251 2382 -9·

1069 2360 1170 2422 Puellis
1182 2359 1257 2425 gquae
1277 2397 1340 2418 cum
1353 2387 1486 2419 beneflcio
1506 2388 1648 2424 cujusdam
1674 2386 1761 2424 legati

1148 2426 1304 2457 Monastieae
1314 2429 1376 2457 vitae
1392 2438 1496 2458 nomen
1515 2427 1578 2456 dare
1591 2427 1695 2460 vellent
1710 2435 1761 2455 re·

1146 2465 1280 2504 scriptum
1301 2466 1353 2496 fuit
1370 2466 1421 2497 effe
1442 2466 1636 2505 praefigendum
1649 2474 1764 2503 tempus

1148 2505 1226 2534 unius
1236 2505 1326 2536 annia
1339 2505 1382 2535 die
1401 2505 1618 2537 nominationis,
1638 2513 1764 2536 contem·

1148 2542 1225 2583 plata
1253 2555 1346 2578 tamen
1379 2554 1459 2576 :etate
1477 2544 1617 2575 conciliari
1633 2561 1643 2577 2
1659 2544 1686 2571 δε
1711 2552 1766 2574 non

1149 2583 1298 2614 nominatis
1311 2583 1375 2618 nili,
1395 2595 1456 2623 quae
1480 2583 1676 2613 duodecimum
1691 2589 1758 2612 aeta-

1148 2623 1185 2652 tis
1203 2631 1306 2652 annum
1323 2622 1496 2661 expleverint
1509 2623 1537 2652 in
1556 2624 1680 2651 Firmana
1695 2620 1757 2651 sub.

1152 2660 1284 2692 fidiorum
1308 2660 1445 2694 dotalium
1471 2666 1520 2693 26-
1537 2661 1611 2699 Junii
1630 2668 1694 2699 pag.
1709 2668 1760 2694 390·

1152 2709 1218 2734 cum
1238 2700 1296 2740 seq·

1699 2738 1759 2769 Re·
