1946 2961
321 113 328 147 i
371 114 409 138 :n
436 101 552 136 eadem
576 93 777 133 Cathedrali
801 92 951 130 Ecclesia
967 94 1218 133 obtinuerunt,
1243 105 1320 130 nam
1336 97 1382 132 ob
1402 97 1539 136 Civicae
1571 101 1755 147 qualitatis
1768 98 1864 135 dese-

338 140 340 142 '
370 151 458 184 ctum
482 147 522 182 ad
551 140 850 191 participationem
868 141 1055 178 communis
1084 140 1198 180 Mafsae
1216 152 1287 177 non
1311 145 1562 188 admittuntur,
1592 148 1653 184 nisi
1682 151 1863 184 accedente

372 193 587 231 Sacerdotum
599 189 762 227 consensu
778 215 787 228 ,
813 190 1020 237 expletoque
1033 188 1188 236 gratuito
1210 189 1355 226 servitio
1368 191 1466 233 iuxta
1482 203 1637 240 tempora
1653 195 1836 233 constituta
1850 219 1862 231 .

330 242 370 278 ln
394 242 457 276 hac
479 237 674 274 Cathedrali
693 235 863 276 Ecclesia,
889 237 968 279 Jure
992 236 1143 277 Civico,
1167 239 1201 274 8<
1221 238 1360 274 decurso
1387 239 1520 287 integro
1547 242 1677 280 servitii
1700 244 1863 290 tempore

371 285 667 332 participationem
693 286 835 330 integrae
858 286 967 331 partis
981 285 1171 321 communis
1187 283 1301 321 Massa:
1316 284 1514 332 assequutus
1535 289 1700 328 Sacerdos
1714 291 1860 332 lacobus
1931 294 1946 532 1

324 57 348 102 [j
370 19 537 92 sci-vium
563 54 718 95 idemque
744 48 861 82 evenit
886 72 897 86 ,
921 48 1055 93 quoties
1080 48 1236 90 Forenses
1263 47 1486 95 Dignitatem
1520 52 1580 89 vel
1606 53 1864 89 canonicatum
1924 0 1946 227 1

374 334 482 369 Simia
498 359 507 372 ,
533 334 609 371 inde
621 333 873 369 Canonicatum
894 331 1070 372 obtinuit,
1100 332 1309 379 retinuitque
1324 335 1646 382 participationem,
1674 340 1706 374 δι
1733 340 1860 381 bona..

371 381 586 422 immobilia,
610 392 753 426 quorum
777 378 900 415 fructus
922 379 1075 426 assignati
1090 389 1188 416 erant
1213 391 1273 425 pro
1298 382 1464 428 integram
1486 384 1542 419 sua
1567 384 1830 432 participatione
1849 410 1861 422 .

375 427 528 464 Dimisso
541 428 651 474 postea
671 427 889 463 Canonicatu
903 454 914 467 ,
938 426 1187 463 coadiutoriam
1209 426 1367 463 obtinuit
1387 430 1695 480 Archipresbyteri
1709 431 1861 474 eiusdem

373 475 594 512 Catbedralis
619 475 774 512 Ecclesiae
793 485 871 509 curn
897 474 1012 510 sutura
1037 474 1241 511 succeffione
1253 475 1292 509 ad
1307 475 1698 524 Archipresbyteratum
1714 507 1724 520 ‚
1750 482 1860 526 quiin

373 536 415 559 ea
435 523 635 558 Cathedrali
650 522 797 557 secunda
819 522 985 569 Dignitas
1001 521 1047 558 est
1063 549 1073 563 ,
1099 521 1317 605 retinuitque
1344 523 1448 559 etiam
1464 527 1772 573 participationem
1788 553 1799 569 ,
1825 529 1861 564 ὅ(
1940 557 1946 580 Ι

374 573 465 607 bona
476 574 515 606 ad
528 580 652 605 annum
667 569 769 615 usque
791 579 888 610 ¹744·
907 596 916 610 ,
941 582 1012 615 quo
1023 580 1112 605 anno
1124 569 1256 617 Capitu
1275 580 1346 605 ares
1363 581 1439 606 eum
1454 573 1550 609 bonis
1566 574 1749 622 spoliarunt
1770 600 1780 614 ,
1803 585 1874 612 ea·
1943 581 1946 586 ’

374 630 439 664 que
455 617 661 663 assignarunt
683 617 762 653 aliis
782 617 1022 654 Sacerdotibus
1038 644 1047 652 .
1075 618 1170 653 Hinc
1181 627 1256 653 orta
1281 618 1321 653 lis
1344 617 1436 653 inter
1461 620 1597 657 Simiam
1612 649 1622 662 ,
1650 622 1711 670 qui
1725 622 1770 658 ad
1792 627 1858 661 hoc
1934 604 1946 705 1

375 666 516 700 Sacrum
541 662 713 700 Tribunal
729 663 887 711 confugit
912 664 1079 712 postulans
1101 664 1303 712 reintegrari
1319 691 1330 705 ‚
1346 665 1385 715 ⁴&
1403 664 1647 713 Capitulares.
1672 669 1753 716 qui,
1778 684 1859 708 mo-

373 711 503 749 nitorio
528 712 691 757 expedito
709 737 720 751 ‚
745 712 909 758 petebant
929 713 1192 759 exequutionem
1209 712 1430 748 resolutionis
1443 738 1455 752 ,
1486 727 1587 761 quam
1604 714 1659 762 ipfi
1682 717 1832 754 fecerant
1848 746 1858 754 .
1937 710 1946 740 ¹

375 760 471 796 Data
496 757 562 793 fuit
583 759 808 806 Ampliffimis
821 759 975 795 Patribus
997 761 1132 795 decreto
1148 760 1195 796 R.
1209 759 1246 793 P.
1276 761 1323 795 D.
1351 761 1534 798 Auditor-is
1553 764 1755 799 San-stillimi
1771 777 1862 802 con·
1942 796 1946 813 a

373 803 545 842 troversiae
559 805 654 847 huius
668 807 828 854 cognitio
842 833 852 846 ‚
866 808 896 843 δι
916 818 1006 843 nunc
1020 833 1030 847 ,
1044 807 1158 844 audito
1169 808 1237 851 jam
1251 805 1414 854 Episcopo
1425 834 1437 848 ,
1453 810 1520 845 tria
1535 836 1547 851 ,
1562 821 1637 856 quae
1650 810 1836 858 sequuntur
1846 839 1858 854 ,
1938 830 1946 863 1

375 853 489 899 capita
510 851 705 889 definienda
733 865 971 902 proponuntur
991 883 1000 892 .

330 901 359 938 1.
384 907 444 939 An
468 902 562 937 locus
586 904 867 952 participationis
891 906 926 940 in
952 902 1098 946 -Ecclefia
1128 903 1252 952 mihen.
1268 903 1314 948 fit
1343 904 1578 951 compatibilis
1604 931 1615 945 .
1639 911 1684 944 &¹
1707 910 1858 945 retineri
1939 908 1946 955 1

519 949 642 984 valeat
657 963 730 987 cum
746 952 853 997 Officio
873 952 1081 988 coadiutoris
1099 949 1416 1001 Archipresbyteri
1428 977 1440 992 ,
1454 952 1528 996 sive
1552 955 1705 991 alterius
1727 958 1835 1004 Digni
1840 973 1855 981 -

517 999 606 1031 tatis
628 996 772 1042 ejusdem
790 997 936 1041 Ecclesiae
949 1026 957 1035 .
1939 1018 1946 1055 i

329 1042 377 1078 11.
400 1048 461 1078 An
482 1042 642 1125 ‘chobui
655 1047 763 1082 Simia
790 1048 998 1093 reintegrari
1021 1045 1146 1084 debeat
1159 1049 1203 1083 ad
1230 1049 1341 1086 locum
1361 1049 1651 1099 participationis
1680 1049 1852 1098 ejusque,

537 1103 599 1126 ona
625 1116 636 1126 .
1178 1112 1182 1115 s

329 1135 394 1172 111.
418 1141 478 1174 An
492 1161 504 1177 ‚
529 1141 573 1175 Θ·
595 1151 615 1173 a
639 1151 706 1186 quo
730 1150 881 1190 tempore
894 1145 928 1180 ei
943 1143 1131 1179 debeantur
1150 1142 1288 1187 frustus
1306 1170 1318 1185 ,
1343 1157 1383 1179 ac
1406 1146 1526 1180 damna
1541 1171 1552 1185 ‚
1565 1145 1628 1189 [ὲιι
1642 1147 1765 1192 potius
1782 1141 1854 1193 lpse

515 1193 676 1222 teneatur
699 1192 743 1224 ad
766 1190 1012 1232 restitutionem
1019 1191 1197 1233 fruliuum
1203 1200 1447 1240 perceptorum
1464 1190 1536 1240 post
1559 1195 1720 1241 adeptam
1731 1193 1851 1241 pojjes-

510 1231 635 1275 [ionem
657 1238 879 1274 coadiutoriae
903 1237 939 1275 in
965 1238 1042 1281 casu
1066 1241 1140 1276 &a

496 1339 684 1395 Dilata
719 1345 788 1397 ad
821 1345 1053 1413 primam
1086 1345 1207 1415 post
1247 1345 1467 1400 Cineres
1494 1385 1510 1401 .

57 1468 137 1516 ‘Seffi
147 1479 292 1515 24.c.12.
423 1471 746 1514 OMPOSTELLA
756 1477 826 1513 NA
844 1474 1222 1516 CAPPELLANIAE:
1249 1479 1300 1515 Ut
1319 1503 1330 1517 ,
1353 1477 1442 1524 quod
1471 1477 1505 1513 in
1522 1478 1635 1514 animo
1657 1477 1778 1514 dudum
1793 1478 1856 1515 ha-

59 1516 98 1555 de
111 1519 183 1567 Ref.
427 1519 579 1562 bebant,
604 1532 640 1556 re
663 1524 732 1570 ipsa
745 1526 882 1560 tandem
907 1523 1105 1569 perficerent
1127 1529 1285 1573 conjuges
1300 1524 1456 1566 lulianus
1481 1525 1598 1562 Dieste
1616 1554 1625 1567 ‚
1656 1527 1688 1562 &
1710 1527 1853 1573 josepha

367 1568 408 1602 de
434 1567 531 1604 Loxo
554 1596 564 1610 ,
591 1568 859 1618 Cappellaniam
886 1571 1070 1608 constituta
1089 1575 1169 1610 dote
1193 1575 1376 1611 fundarunt
1402 1574 1512 1609 mense
1541 1574 1690 1615 januarii
1722 1585 1821 1620 ¹74¹·
1840 1599 1854 1614 ,

368 1613 544 1651 reservato
560 1615 620 1652 sibi
635 1617 722 1666 ipsus
736 1621 813 1662 Jure
831 1628 1033 1666 patronatus
1049 1621 1159 1659 activo
1177 1649 1188 1661 ,
1211 1632 1395 1668 eorumque
1416 1619 1488 1657 filio
1517 1621 1664 1656 masculo
1678 1647 1688 1661 ,
1716 1621 1859 1668 ejusque

368 1659 453 1696 filiis
474 1687 485 1701 ‚
510 1663 542 1697 ὅ(
564 1664 823 1703 descedentibus
849 1666 1109 1713 primogenitis,
1134 1670 1267 1716 istisque
1279 1668 1416 1704 deseois
1434 1693 1444 1707 ‚
1469 1669 1591 1704 favore
1607 1669 1750 1704 aliarum
1772 1678 1853 1713 per·

368 1708 545 1750 sonarum,
575 1713 614 1747 de
634 1714 753 1759 quibus
778 1727 867 1750 nunc
891 1715 980 1751 nihil
1001 1728 1085 1762 opus
1103 1716 1149 1753 est
1171 1716 1339 1763 inquirere
1353 1744 1360 1752 .
1387 1717 1558 1763 Qovero
1580 1716 1622 1752 ad
1639 1714 1856 1762 ‚luspatrona-

368 1765 429 1808 tus·
445 1757 609 1809 passivum
640 1761 687 1796 ita
714 1761 928 1798 statuerunt:
954 1789 978 1803 „
1004 1763 1046 1798 Et
1071 1764 1177 1799 etiam
1201 1764 1331 1806 injure
1356 1765 1554 1815 nominandi
1575 1763 1850 1815 Cappellanum.

321 1830 345 1892 33
369 1804 1760 1905 33115233-515313incurii?’31¹¹fl‘iffssassize?‘ngsszsszTurisslsssgss‘gssssl
1779 1810 1852 1892 'seii‘

321 1923 345 1938 ‚‚
370 1896 530 1950 sanguine
549 1901 746 1950 conjunctus
761 1904 982 1952 propinquior
1002 1904 1140 1942 familiae
1164 1906 1411 1947 fundatorum,
1431 1906 1487 1942 seu
1513 1905 1655 1941 illorum
1668 1932 1679 1945 ,
1700 1904 1759 1951 qui
1773 1902 1849 1950 ipfis

321 1971 344 1986 ,‚
370 1947 458 1980 recti
473 1946 561 1982 linea
581 1948 760 1986 succedant
774 1978 784 1991 ‚
804 1952 836 1987 ὅ(
862 1952 955 1987 inter
976 1964 1032 1988 eos
1059 1953 1213 1990 succedat
1236 1954 1294 1989 ille
1313 1981 1323 1994 ,
1353 1954 1413 2002 qui
1429 1953 1470 1990 fit
1494 1953 1600 1999 magis
1622 1952 1762 1987 idoneus
1777 1977 1787 1991 ,
1803 1952 1846 2003 ⁸&

325 2016 347 2031 2,
370 1993 619 2036 benemeritus,
648 1999 680 2033 &
705 1999 806 2034 nullis
827 1998 1047 2036 existentibus
1071 2000 1327 2048 consanguineis
1344 2029 1353 2042 ‚
1379 2012 1437 2037 aut
1463 2000 1625 2046 sanguine
1637 1999 1852 2042 conjunctis,

322 2064 347 2079 2,
373 2040 517 2084 possm&
536 2044 656 2080 debeat
668 2045 774 2081 intere
791 2058 811 2081 a
828 2047 988 2082 Patronus
1003 2048 1204 2094 praesentare
1219 2060 1464 2095 quemcumque
1476 2048 1693 2084 Sacerdotem
1715 2046 1850 2082 Mitsam
1871 2056 1873 2058 ·

321 2111 346 2127 ‚‚
370 2087 602 2174 kqelebrantiem
625 2092 770 2137 incola‘m
796 2093 895 2137 huius
920 2094 1013 2135 loci,
1038 2096 1071 2131 &
1091 2095 1314 2144 Cappellania
1340 2099 1486 2143 gaudeat
1501 2120 1512 2135 ‚
1536 2096 1569 2131 &
1593 2092 1732 2130 Miffam
1752 2093 1849 2130 cele·

321 2158 346 2172 ,‚
393 2144 445 2168 ret
491 2149 525 2171 er
555 2151 572 2173 e
601 2139 611 2174 i
636 2141 731 2177 sum.
1499 2177 1509 2184 .-

321 2148 530 2219 N0m1na¹ius
544 2151 635 2221 inde?
650 2187 714 2223 fuit
732 2189 766 2224 in
789 2188 910 2225 eodem
927 2188 1146 2226 instrumento
1161 2191 1289 2237 primus
1303 2189 1537 2239 Ceppellanus
1550 2191 1745 2225 Alexander
1761 2186 1848 2223 Die-

367 2227 414 2262 ste
442 2229 673 2270 fundatorum
697 2234 810 2276 filius,
832 2237 1050 2283 additumque
1074 2237 1217 2285 speciale
1243 2238 1481 2281 jusjurandum
1506 2238 1547 2274 ad
1571 2237 1732 2279 maiorem
1754 2235 1845 2270 actus

366 2273 560 2328 firmitatem
585 2302 597 2313 .
624 2281 701 2316 Hoc
725 2283 980 2319 instrumentum
1002 2285 1134 2326 editum
1158 2286 1223 2322 fuit
1251 2286 1296 2321 ab
1321 2286 1396 2333 ipsis
1418 2286 1668 2321 Fundatoribus
1684 2293 1845 2333 *coram-..2

368 2322 545 2360 Provisore
566 2326 843 2372 Compostellano
859 2357 869 2370 ‚
895 2331 1102 2379 servatisque
1125 2335 1283 2369 omnibus
1307 2334 1348 2368 de
1369 2334 1447 2374 Jure
1469 2333 1642 2368 servandis
1656 2358 1666 2370 ‚
1691 2331 1760 2365 lata
1777 2327 1845 2364 fuit

366 2370 536 2409 sententia
559 2372 741 2410 definitiva
767 2379 943 2413 erectionis
968 2378 1205 2427 Cappellaniae
1222 2381 1257 2416 in
1284 2379 1491 2416 Beneficium
1509 2377 1773 2428 Ecclefiasticum
1803 2377 1844 2412 ad

369 2417 512 2453 sormam
536 2420 684 2464 eiusdem
717 2421 948 2460 fundationis:
973 2426 1004 2460 &
1019 2426 1089 2471 post
1112 2440 1191 2463 eam
1214 2428 1317 2469 latam
1341 2427 1544 2462 sententiam
1569 2425 1691 2472 praevia
1707 2425 1844 2476 ,edicio-

366 2476 442 2500 fum
469 2466 627 2502 affixlone
641 2495 651 2508 ‚
676 2469 707 2504 δι
724 2471 805 2505 actis
819 2497 829 2510 ‚
859 2481 961 2519 atque
984 2473 1132 2518 process'u
1155 2474 1327 2510 institutus
1345 2473 1411 2509 suit
1433 2475 1635 2511 Alexander
1664 2470 1780 2506 Dieste
1795 2470 1843 2524 fij

368 2513 433 2547 lius
457 2512 711 2564 Fundatorum,
738 2518 797 2562 qui
823 2518 1048 2565 possessionem
1075 2521 1311 2569 Cappellaniae
1327 2524 1440 2558 nactus
1454 2523 1523 2562 est,
1547 2530 1688 2571 eamque
1700 2519 1842 2554 retinuit

366 2561 406 2594 ad
430 2562 565 2596 obitum
579 2563 684 2610 usque
697 2588 709 2598 .
735 2565 783 2600 Eo
801 2575 916 2602 autem
939 2579 1044 2613 nuper
1054 2569 1209 2606 defuncto
1221 2596 1230 2609 ,
1249 2568 1317 2604 fixa
1332 2570 1455 2606 iterum
1471 2570 1613 2605 fuerunt
1627 2568 1730 2603 edtffll
1745 2592 1754 2606 ‚
1777 2577 1842 2601 ve·

364 2607 485 2653 nitque
511 2609 554 2643 ad
581 2612 758 2654 petendam
783 2612 1034 2650 institutionem
1056 2615 1275 2665 idelphonsus
1300 2618 1341 2651 de
1367 2616 1494 2651 Torres
1521 2624 1690 2661 tamquam
1714 2614 1840 2662 paffive
1892 2653 1899 2661 ⁶

366 2664 530 2694 vocatus,
552 2664 669 2703 utpote
698 2658 970 2708 consanguineus
993 2663 1254 2709 Fundatorum3
1277 2663 1331 2700 sed
1351 2662 1508 2710 conjuges
1534 2663 1840 2745 Fundatoresbl'fe·

980 2724 984 2726 ·
1647 2721 1702 2748 ces
1730 2721 1751 2746 o
1779 2727 1797 2736 -
