<?xml version="1.0" encoding="UTF-8"?>
<!DOCTYPE html PUBLIC "-//W3C//DTD XHTML 1.0 Transitional//EN"
    "http://www.w3.org/TR/xhtml1/DTD/xhtml1-transitional.dtd">
<html xmlns="http://www.w3.org/1999/xhtml" xml:lang="en" lang="en">
 <head>
  <title>
</title>
<meta http-equiv="Content-Type" content="text/html;charset=utf-8" />
  <meta name='ocr-system' content='tesseract 3.04.00' />
  <meta name='ocr-capabilities' content='ocr_page ocr_carea ocr_par ocr_line ocrx_word'/>
</head>
<body>
  <div class='ocr_page' id='page_1' title='image "./thesaurusresolut14cath_0013.png"; bbox 0 0 1874 2961; ppageno 0'>
   <div class='ocr_carea' id='block_1_1' title="bbox 71 176 1527 660">
    <p class='ocr_par' dir='ltr' id='par_1_1' title="bbox 71 176 1527 660">
     <span class='ocr_line' id='line_1_1' title="bbox 113 176 1523 229; baseline -0.012 -1"><span class='ocrx_word' id='word_1_1' title='bbox 113 188 210 229; x_wconf 69' lang='lat' dir='ltr'>metu</span> <span class='ocrx_word' id='word_1_2' title='bbox 221 187 313 226; x_wconf 88' lang='lat' dir='ltr'>omni</span> <span class='ocrx_word' id='word_1_3' title='bbox 331 186 459 222; x_wconf 80' lang='lat' dir='ltr'>solutus</span> <span class='ocrx_word' id='word_1_4' title='bbox 473 186 508 222; x_wconf 87' lang='lat' dir='ltr'>P.</span> <span class='ocrx_word' id='word_1_5' title='bbox 520 183 690 221; x_wconf 85' lang='lat' dir='ltr'>Antonius</span> <span class='ocrx_word' id='word_1_6' title='bbox 706 182 863 218; x_wconf 89' lang='lat' dir='ltr'>libellum</span> <span class='ocrx_word' id='word_1_7' title='bbox 878 179 1095 226; x_wconf 83' lang='lat' dir='ltr'>obtulit,quo</span> <span class='ocrx_word' id='word_1_8' title='bbox 1115 177 1286 226; x_wconf 89' lang='lat' dir='ltr'>querelam</span> <span class='ocrx_word' id='word_1_9' title='bbox 1297 176 1523 222; x_wconf 78' lang='lat' dir='ltr'>proponebat,</span> 
     </span>
     <span class='ocr_line' id='line_1_2' title="bbox 119 225 1522 281; baseline -0.014 -5"><span class='ocrx_word' id='word_1_10' title='bbox 119 242 151 276; x_wconf 81' lang='grc' dir='ltr'>δι</span> <span class='ocrx_word' id='word_1_11' title='bbox 168 239 299 274; x_wconf 68' lang='lat' dir='ltr'>anione</span> <span class='ocrx_word' id='word_1_12' title='bbox 325 237 413 281; x_wconf 89' lang='lat' dir='ltr'>quod</span> <span class='ocrx_word' id='word_1_13' title='bbox 430 244 536 268; x_wconf 86' lang='lat' dir='ltr'>metus</span> <span class='ocrx_word' id='word_1_14' title='bbox 567 232 666 268; x_wconf 72' lang='lat' dir='ltr'>causa</span> <span class='ocrx_word' id='word_1_15' title='bbox 689 240 809 266; x_wconf 76' lang='lat' dir='ltr'>contra</span> <span class='ocrx_word' id='word_1_16' title='bbox 838 228 1068 274; x_wconf 83' lang='lat' dir='ltr'>proseliionein</span> <span class='ocrx_word' id='word_1_17' title='bbox 1085 251 1095 265; x_wconf 91' lang='lat'><strong>,</strong></span> <span class='ocrx_word' id='word_1_18' title='bbox 1119 238 1219 272; x_wconf 90' lang='lat' dir='ltr'>quam</span> <span class='ocrx_word' id='word_1_19' title='bbox 1243 225 1419 263; x_wconf 58' lang='lat' dir='ltr'>emiseram</span> <span class='ocrx_word' id='word_1_20' title='bbox 1441 225 1522 259; x_wconf 77' lang='lat' dir='ltr'>data</span> 
     </span>
     <span class='ocr_line' id='line_1_3' title="bbox 119 272 1524 328; baseline -0.011 -5"><span class='ocrx_word' id='word_1_21' title='bbox 119 287 197 324; x_wconf 74' lang='lat' dir='ltr'>inde</span> <span class='ocrx_word' id='word_1_22' title='bbox 214 286 256 320; x_wconf 90' lang='lat' dir='ltr'>ab</span> <span class='ocrx_word' id='word_1_23' title='bbox 273 282 467 328; x_wconf 74' lang='lat' dir='ltr'>ainpliiiimo</span> <span class='ocrx_word' id='word_1_24' title='bbox 486 280 616 314; x_wconf 90' lang='lat' dir='ltr'>Ordine</span> <span class='ocrx_word' id='word_1_25' title='bbox 643 278 871 320; x_wconf 65' lang='lat' dir='ltr'>jurisdictione</span> <span class='ocrx_word' id='word_1_26' title='bbox 885 273 1151 310; x_wconf 74' lang='lat' dir='ltr'>Eniinentissimo</span> <span class='ocrx_word' id='word_1_27' title='bbox 1169 272 1356 308; x_wconf 84' lang='lat' dir='ltr'>Mediolani</span> <span class='ocrx_word' id='word_1_28' title='bbox 1380 274 1524 307; x_wconf 79' lang='lat' dir='ltr'>Archie-</span> 
     </span>
     <span class='ocr_line' id='line_1_4' title="bbox 115 319 1523 380; baseline -0.011 -11"><span class='ocrx_word' id='word_1_29' title='bbox 115 334 277 380; x_wconf 85' lang='lat' dir='ltr'>piscopo,</span> <span class='ocrx_word' id='word_1_30' title='bbox 301 327 434 375; x_wconf 86' lang='lat' dir='ltr'>repetiti</span> <span class='ocrx_word' id='word_1_31' title='bbox 467 327 603 362; x_wconf 87' lang='lat' dir='ltr'>fuerunt</span> <span class='ocrx_word' id='word_1_32' title='bbox 632 325 776 364; x_wconf 80' lang='lat' dir='ltr'>Testes,</span> <span class='ocrx_word' id='word_1_33' title='bbox 804 324 863 370; x_wconf 87' lang='lat' dir='ltr'>qui</span> <span class='ocrx_word' id='word_1_34' title='bbox 892 324 926 358; x_wconf 92' lang='lat' dir='ltr'>in</span> <span class='ocrx_word' id='word_1_35' title='bbox 941 321 1089 369; x_wconf 86' lang='lat' dir='ltr'>processu</span> <span class='ocrx_word' id='word_1_36' title='bbox 1106 321 1160 364; x_wconf 85' lang='lat' dir='ltr'>iud</span> <span class='ocrx_word' id='word_1_37' title='bbox 1178 319 1260 356; x_wconf 80' lang='lat' dir='ltr'>ciali</span> <span class='ocrx_word' id='word_1_38' title='bbox 1286 322 1382 355; x_wconf 84' lang='lat' dir='ltr'>lunt:</span> <span class='ocrx_word' id='word_1_39' title='bbox 1408 320 1523 364; x_wconf 81' lang='lat' dir='ltr'>Atque</span> 
     </span>
     <span class='ocr_line' id='line_1_5' title="bbox 116 365 1524 421; baseline -0.013 -3"><span class='ocrx_word' id='word_1_40' title='bbox 116 382 188 418; x_wconf 77' lang='lat' dir='ltr'>haec</span> <span class='ocrx_word' id='word_1_41' title='bbox 214 391 256 414; x_wconf 87' lang='lat' dir='ltr'>ex</span> <span class='ocrx_word' id='word_1_42' title='bbox 277 376 385 417; x_wconf 72' lang='lat' dir='ltr'>facto,</span> <span class='ocrx_word' id='word_1_43' title='bbox 406 375 493 421; x_wconf 86' lang='lat' dir='ltr'>quod</span> <span class='ocrx_word' id='word_1_44' title='bbox 521 375 624 410; x_wconf 80' lang='lat' dir='ltr'>iidem</span> <span class='ocrx_word' id='word_1_45' title='bbox 646 374 766 408; x_wconf 76' lang='lat' dir='ltr'>Testes</span> <span class='ocrx_word' id='word_1_46' title='bbox 798 380 934 407; x_wconf 84' lang='lat' dir='ltr'>narrant</span> <span class='ocrx_word' id='word_1_47' title='bbox 961 397 971 410; x_wconf 93' lang='lat'><strong>,</strong></span> <span class='ocrx_word' id='word_1_48' title='bbox 999 379 1233 419; x_wconf 82' lang='lat' dir='ltr'>proponuntur</span> <span class='ocrx_word' id='word_1_49' title='bbox 1255 394 1264 402; x_wconf 90' lang='lat'><strong>.</strong></span> <span class='ocrx_word' id='word_1_50' title='bbox 1293 369 1350 401; x_wconf 88' lang='lat' dir='ltr'>Ab</span> <span class='ocrx_word' id='word_1_51' title='bbox 1366 365 1524 406; x_wconf 77' lang='lat' dir='ltr'>Ordine,</span> 
     </span>
     <span class='ocr_line' id='line_1_6' title="bbox 141 414 1524 465; baseline -0.009 -4"><span class='ocrx_word' id='word_1_52' title='bbox 141 429 175 465; x_wconf 88' lang='lat' dir='ltr'>ui</span> <span class='ocrx_word' id='word_1_53' title='bbox 198 423 285 461; x_wconf 87' lang='lat' dir='ltr'>nihil</span> <span class='ocrx_word' id='word_1_54' title='bbox 305 432 425 458; x_wconf 85' lang='lat' dir='ltr'>contra</span> <span class='ocrx_word' id='word_1_55' title='bbox 445 423 636 458; x_wconf 86' lang='lat' dir='ltr'>Antonium</span> <span class='ocrx_word' id='word_1_56' title='bbox 658 421 805 456; x_wconf 81' lang='lat' dir='ltr'>Mariani</span> <span class='ocrx_word' id='word_1_57' title='bbox 834 419 909 454; x_wconf 84' lang='lat' dir='ltr'>cxci</span> <span class='ocrx_word' id='word_1_58' title='bbox 944 419 967 453; x_wconf 94' lang='lat' dir='ltr'>it</span> <span class='ocrx_word' id='word_1_59' title='bbox 990 445 999 458; x_wconf 92' lang='lat'>,</span> <span class='ocrx_word' id='word_1_60' title='bbox 1026 417 1111 453; x_wconf 85' lang='lat' dir='ltr'>nihil</span> <span class='ocrx_word' id='word_1_61' title='bbox 1134 417 1293 451; x_wconf 73' lang='lat' dir='ltr'>bassenus</span> <span class='ocrx_word' id='word_1_62' title='bbox 1319 414 1524 449; x_wconf 86' lang='lat' dir='ltr'>habuimus.</span> 
     </span>
     <span class='ocr_line' id='line_1_7' title="bbox 115 431 1527 516; baseline -0.012 -6"><span class='ocrx_word' id='word_1_63' title='bbox 115 442 256 510; x_wconf 51' lang='lat' dir='ltr'>gaetera</span> <span class='ocrx_word' id='word_1_64' title='bbox 284 482 324 506; x_wconf 86' lang='lat' dir='ltr'>ex</span> <span class='ocrx_word' id='word_1_65' title='bbox 340 468 465 506; x_wconf 91' lang='lat' dir='ltr'>libello</span> <span class='ocrx_word' id='word_1_66' title='bbox 491 469 590 516; x_wconf 83' lang='lat' dir='ltr'>ipsius</span> <span class='ocrx_word' id='word_1_67' title='bbox 616 468 768 504; x_wconf 90' lang='lat' dir='ltr'>Antonii</span> <span class='ocrx_word' id='word_1_68' title='bbox 793 431 996 513; x_wconf 55' lang='lat' dir='ltr'>cognosgere</span> <span class='ocrx_word' id='word_1_69' title='bbox 1020 466 1152 511; x_wconf 85' lang='lat' dir='ltr'>plenius</span> <span class='ocrx_word' id='word_1_70' title='bbox 1165 470 1326 510; x_wconf 88' lang='lat' dir='ltr'>poterunt</span> <span class='ocrx_word' id='word_1_71' title='bbox 1343 459 1527 506; x_wconf 86' lang='lat' dir='ltr'>Amplissi-</span> 
     </span>
     <span class='ocr_line' id='line_1_8' title="bbox 118 506 1527 559; baseline -0.01 -3"><span class='ocrx_word' id='word_1_72' title='bbox 118 522 166 557; x_wconf 88' lang='lat' dir='ltr'>mi</span> <span class='ocrx_word' id='word_1_73' title='bbox 180 519 317 559; x_wconf 76' lang='lat' dir='ltr'>Patres,</span> <span class='ocrx_word' id='word_1_74' title='bbox 343 517 413 554; x_wconf 70' lang='lat' dir='ltr'>hccc</span> <span class='ocrx_word' id='word_1_75' title='bbox 434 518 530 552; x_wconf 87' lang='lat' dir='ltr'>nobis</span> <span class='ocrx_word' id='word_1_76' title='bbox 563 517 641 552; x_wconf 83' lang='lat' dir='ltr'>fatis</span> <span class='ocrx_word' id='word_1_77' title='bbox 659 514 723 550; x_wconf 80' lang='lat' dir='ltr'>csse</span> <span class='ocrx_word' id='word_1_78' title='bbox 738 515 926 554; x_wconf 85' lang='lat' dir='ltr'>videniur,</span> <span class='ocrx_word' id='word_1_79' title='bbox 954 523 989 548; x_wconf 81' lang='lat' dir='ltr'>ut</span> <span class='ocrx_word' id='word_1_80' title='bbox 1004 524 1068 553; x_wconf 84' lang='lat' dir='ltr'>ea,</span> <span class='ocrx_word' id='word_1_81' title='bbox 1091 523 1157 559; x_wconf 89' lang='lat' dir='ltr'>qua</span> <span class='ocrx_word' id='word_1_82' title='bbox 1172 511 1303 550; x_wconf 81' lang='lat' dir='ltr'>solem,</span> <span class='ocrx_word' id='word_1_83' title='bbox 1327 506 1527 555; x_wconf 80' lang='lat' dir='ltr'>aequanimi-</span> 
     </span>
     <span class='ocr_line' id='line_1_9' title="bbox 117 561 990 613; baseline -0.009 -9"><span class='ocrx_word' id='word_1_84' title='bbox 117 577 189 604; x_wconf 86' lang='lat' dir='ltr'>tate</span> <span class='ocrx_word' id='word_1_85' title='bbox 204 594 215 606; x_wconf 93' lang='lat'>‚</span> <span class='ocrx_word' id='word_1_86' title='bbox 236 565 404 613; x_wconf 84' lang='lat' dir='ltr'>religione</span> <span class='ocrx_word' id='word_1_87' title='bbox 418 592 428 606; x_wconf 91' lang='lat'>‚</span> <span class='ocrx_word' id='word_1_88' title='bbox 457 565 488 600; x_wconf 88' lang='lat'>&amp;</span> <span class='ocrx_word' id='word_1_89' title='bbox 505 562 774 610; x_wconf 85' lang='lat' dir='ltr'>jurisprudentia</span> <span class='ocrx_word' id='word_1_90' title='bbox 801 561 964 597; x_wconf 88' lang='lat' dir='ltr'>definiant</span> <span class='ocrx_word' id='word_1_91' title='bbox 982 588 990 596; x_wconf 93' lang='lat'>.</span> 
     </span>
     <span class='ocr_line' id='line_1_10' title="bbox 71 611 1043 660; baseline -0.009 -8"><span class='ocrx_word' id='word_1_92' title='bbox 71 623 129 655; x_wconf 70' lang='lat' dir='ltr'>An</span> <span class='ocrx_word' id='word_1_93' title='bbox 141 616 188 660; x_wconf 77' lang='lat' dir='ltr'>fit</span> <span class='ocrx_word' id='word_1_94' title='bbox 212 616 306 650; x_wconf 84' lang='lat' dir='ltr'>locus</span> <span class='ocrx_word' id='word_1_95' title='bbox 332 613 540 655; x_wconf 78' lang='lat' dir='ltr'>restitutioni</span> <span class='ocrx_word' id='word_1_96' title='bbox 562 614 598 647; x_wconf 89' lang='lat' dir='ltr'>in</span> <span class='ocrx_word' id='word_1_97' title='bbox 616 613 788 658; x_wconf 79' lang='lat' dir='ltr'>integrum</span> <span class='ocrx_word' id='word_1_98' title='bbox 814 611 850 644; x_wconf 84' lang='lat' dir='ltr'>in</span> <span class='ocrx_word' id='word_1_99' title='bbox 876 611 950 655; x_wconf 77' lang='lat' dir='ltr'>casu</span> <span class='ocrx_word' id='word_1_100' title='bbox 967 614 1043 647; x_wconf 58' lang='lat' dir='ltr'>&amp;a</span> 
     </span>
    </p>
   </div>
   <div class='ocr_carea' id='block_1_2' title="bbox 164 697 1409 753">
    <p class='ocr_par' dir='ltr' id='par_1_2' title="bbox 164 697 1409 753">
     <span class='ocr_line' id='line_1_11' title="bbox 164 697 1409 753; baseline -0.007 -9"><span class='ocrx_word' id='word_1_101' title='bbox 164 708 286 744; x_wconf 85' lang='lat' dir='ltr'>Dilata</span> <span class='ocrx_word' id='word_1_102' title='bbox 301 733 312 748; x_wconf 88' lang='lat'>‚</span> <span class='ocrx_word' id='word_1_103' title='bbox 342 708 373 742; x_wconf 91' lang='lat'>&amp;</span> <span class='ocrx_word' id='word_1_104' title='bbox 398 705 524 742; x_wconf 84' lang='lat' dir='ltr'>scribat</span> <span class='ocrx_word' id='word_1_105' title='bbox 541 704 712 743; x_wconf 84' lang='lat' dir='ltr'>Defensor</span> <span class='ocrx_word' id='word_1_106' title='bbox 735 704 954 753; x_wconf 81' lang='lat' dir='ltr'>professionis</span> <span class='ocrx_word' id='word_1_107' title='bbox 979 702 1167 751; x_wconf 77' lang='lat' dir='ltr'>sumptibus</span> <span class='ocrx_word' id='word_1_108' title='bbox 1190 697 1409 749; x_wconf 72' lang='lat' dir='ltr'>Religionis.</span> 
     </span>
    </p>
   </div>
   <div class='ocr_carea' id='block_1_3' title="bbox 64 788 1766 2743">
    <p class='ocr_par' dir='ltr' id='par_1_3' title="bbox 67 788 1766 889">
     <span class='ocr_line' id='line_1_12' title="bbox 67 788 1766 889; baseline -0.008 -51"><span class='ocrx_word' id='word_1_109' title='bbox 67 805 120 889; x_wconf 80' lang='lat' dir='ltr'><strong><em>S</em></strong></span> <span class='ocrx_word' id='word_1_110' title='bbox 137 801 454 839; x_wconf 83' lang='lat' dir='ltr'>ALAMATlNA</span> <span class='ocrx_word' id='word_1_111' title='bbox 481 799 806 837; x_wconf 83' lang='lat' dir='ltr'>ERECTIONIS:</span> <span class='ocrx_word' id='word_1_112' title='bbox 835 800 886 836; x_wconf 94' lang='lat' dir='ltr'>Ut</span> <span class='ocrx_word' id='word_1_113' title='bbox 912 798 952 835; x_wconf 79' lang='lat' dir='ltr'>iis</span> <span class='ocrx_word' id='word_1_114' title='bbox 971 825 980 838; x_wconf 91' lang='lat'>‚</span> <span class='ocrx_word' id='word_1_115' title='bbox 1000 810 1082 846; x_wconf 87' lang='lat' dir='ltr'>quas</span> <span class='ocrx_word' id='word_1_116' title='bbox 1107 810 1125 833; x_wconf 91' lang='lat' dir='ltr'>a</span> <span class='ocrx_word' id='word_1_117' title='bbox 1148 797 1360 833; x_wconf 85' lang='lat' dir='ltr'>Summorum</span> <span class='ocrx_word' id='word_1_118' title='bbox 1381 788 1528 829; x_wconf 80' lang='lat' dir='ltr'>Pontifi-</span> <span class='ocrx_word' id='word_1_119' title='bbox 1563 789 1686 830; x_wconf 58' lang='grc' dir='ltr'>θεῖ-ις.</span> <span class='ocrx_word' id='word_1_120' title='bbox 1705 796 1766 825; x_wconf 56' lang='grc' dir='ltr'>Μὰ</span> 
     </span>
    </p>

    <p class='ocr_par' dir='ltr' id='par_1_4' title="bbox 145 832 1686 888">
     <span class='ocr_line' id='line_1_13' title="bbox 145 832 1686 888; baseline -0.009 -2"><span class='ocrx_word' id='word_1_121' title='bbox 145 861 224 886; x_wconf 87' lang='lat' dir='ltr'>cum</span> <span class='ocrx_word' id='word_1_122' title='bbox 249 848 562 884; x_wconf 76' lang='lat' dir='ltr'>constitutionibus</span> <span class='ocrx_word' id='word_1_123' title='bbox 593 848 716 884; x_wconf 89' lang='lat' dir='ltr'>habent</span> <span class='ocrx_word' id='word_1_124' title='bbox 745 875 754 888; x_wconf 94' lang='lat'>,</span> <span class='ocrx_word' id='word_1_125' title='bbox 784 847 1000 884; x_wconf 74' lang='lat' dir='ltr'>facultatibus</span> <span class='ocrx_word' id='word_1_126' title='bbox 1027 854 1207 882; x_wconf 87' lang='lat' dir='ltr'>uterentur</span> <span class='ocrx_word' id='word_1_127' title='bbox 1229 843 1343 879; x_wconf 84' lang='lat' dir='ltr'>Patres</span> <span class='ocrx_word' id='word_1_128' title='bbox 1370 840 1528 877; x_wconf 76' lang='lat' dir='ltr'>Minores</span> <span class='ocrx_word' id='word_1_129' title='bbox 1565 832 1686 872; x_wconf 67' lang='lat' dir='ltr'>deneg.</span> 
     </span>
    </p>

    <p class='ocr_par' dir='ltr' id='par_1_5' title="bbox 107 887 1571 1793">
     <span class='ocr_line' id='line_1_14' title="bbox 108 887 1529 944; baseline -0.01 -10"><span class='ocrx_word' id='word_1_130' title='bbox 108 897 460 934; x_wconf 82' lang='lat' dir='ltr'>ExcalceatiOrdinis</span> <span class='ocrx_word' id='word_1_131' title='bbox 481 897 524 931; x_wconf 88' lang='lat' dir='ltr'>D.</span> <span class='ocrx_word' id='word_1_132' title='bbox 537 896 730 935; x_wconf 85' lang='lat' dir='ltr'>Francifcii‚</span> <span class='ocrx_word' id='word_1_133' title='bbox 746 896 804 944; x_wconf 87' lang='lat' dir='ltr'>qui</span> <span class='ocrx_word' id='word_1_134' title='bbox 825 894 1067 931; x_wconf 80' lang='lat' dir='ltr'>Monasterium</span> <span class='ocrx_word' id='word_1_135' title='bbox 1086 893 1242 928; x_wconf 85' lang='lat' dir='ltr'>incolunt</span> <span class='ocrx_word' id='word_1_136' title='bbox 1258 891 1293 925; x_wconf 90' lang='lat' dir='ltr'>in</span> <span class='ocrx_word' id='word_1_137' title='bbox 1309 888 1407 924; x_wconf 87' lang='lat' dir='ltr'>Villa</span> <span class='ocrx_word' id='word_1_138' title='bbox 1421 887 1529 923; x_wconf 85' lang='lat' dir='ltr'>Pena-</span> 
     </span>
     <span class='ocr_line' id='line_1_15' title="bbox 107 934 1527 990; baseline -0.009 -10"><span class='ocrx_word' id='word_1_139' title='bbox 107 947 212 983; x_wconf 83' lang='lat' dir='ltr'>randa</span> <span class='ocrx_word' id='word_1_140' title='bbox 231 945 470 980; x_wconf 67' lang='lat' dir='ltr'>Salamantinae</span> <span class='ocrx_word' id='word_1_141' title='bbox 490 943 698 983; x_wconf 65' lang='lat' dir='ltr'>Dioeseseos‚</span> <span class='ocrx_word' id='word_1_142' title='bbox 713 943 887 983; x_wconf 79' lang='lat' dir='ltr'>Tertium,</span> <span class='ocrx_word' id='word_1_143' title='bbox 899 955 1001 990; x_wconf 82' lang='lat' dir='ltr'>quem</span> <span class='ocrx_word' id='word_1_144' title='bbox 1018 949 1142 977; x_wconf 86' lang='lat' dir='ltr'>vocant</span> <span class='ocrx_word' id='word_1_145' title='bbox 1155 937 1325 975; x_wconf 85' lang='lat' dir='ltr'>Ordinem</span> <span class='ocrx_word' id='word_1_146' title='bbox 1342 934 1527 971; x_wconf 82' lang='lat' dir='ltr'>Poeniten-</span> 
     </span>
     <span class='ocr_line' id='line_1_16' title="bbox 111 977 1530 1038; baseline -0.01 -10"><span class='ocrx_word' id='word_1_147' title='bbox 111 993 169 1029; x_wconf 80' lang='lat' dir='ltr'>tiae</span> <span class='ocrx_word' id='word_1_148' title='bbox 197 991 362 1028; x_wconf 87' lang='lat' dir='ltr'>Virorum</span> <span class='ocrx_word' id='word_1_149' title='bbox 387 1000 488 1038; x_wconf 85' lang='lat' dir='ltr'>atque</span> <span class='ocrx_word' id='word_1_150' title='bbox 505 991 694 1028; x_wconf 84' lang='lat' dir='ltr'>Mulierum</span> <span class='ocrx_word' id='word_1_151' title='bbox 727 992 856 1027; x_wconf 77' lang='lat' dir='ltr'>ultimis</span> <span class='ocrx_word' id='word_1_152' title='bbox 885 989 1056 1026; x_wconf 71' lang='lat' dir='ltr'>transaffls</span> <span class='ocrx_word' id='word_1_153' title='bbox 1082 988 1177 1023; x_wconf 88' lang='lat' dir='ltr'>annis</span> <span class='ocrx_word' id='word_1_154' title='bbox 1196 987 1362 1022; x_wconf 84' lang='lat' dir='ltr'>incorum</span> <span class='ocrx_word' id='word_1_155' title='bbox 1379 977 1530 1017; x_wconf 73' lang='lat' dir='ltr'>Ecclesia</span> 
     </span>
     <span class='ocr_line' id='line_1_17' title="bbox 111 1026 1529 1085; baseline -0.01 -10"><span class='ocrx_word' id='word_1_156' title='bbox 111 1047 293 1080; x_wconf 81' lang='lat' dir='ltr'>erexerunt</span> <span class='ocrx_word' id='word_1_157' title='bbox 312 1063 321 1073; x_wconf 87' lang='lat'><em>.</em></span> <span class='ocrx_word' id='word_1_158' title='bbox 347 1039 398 1074; x_wconf 87' lang='lat' dir='ltr'>At</span> <span class='ocrx_word' id='word_1_159' title='bbox 411 1051 483 1085; x_wconf 84' lang='lat' dir='ltr'>quae</span> <span class='ocrx_word' id='word_1_160' title='bbox 496 1047 657 1085; x_wconf 85' lang='lat' dir='ltr'>perpetua</span> <span class='ocrx_word' id='word_1_161' title='bbox 677 1038 725 1074; x_wconf 89' lang='lat' dir='ltr'>est</span> <span class='ocrx_word' id='word_1_162' title='bbox 741 1040 833 1074; x_wconf 85' lang='lat' dir='ltr'>inter</span> <span class='ocrx_word' id='word_1_163' title='bbox 859 1037 1053 1085; x_wconf 86' lang='lat' dir='ltr'>Religiosos</span> <span class='ocrx_word' id='word_1_164' title='bbox 1071 1036 1173 1071; x_wconf 86' lang='lat' dir='ltr'>Viros</span> <span class='ocrx_word' id='word_1_165' title='bbox 1186 1062 1196 1076; x_wconf 91' lang='lat'>‚</span> <span class='ocrx_word' id='word_1_166' title='bbox 1217 1033 1348 1069; x_wconf 91' lang='lat' dir='ltr'>summo</span> <span class='ocrx_word' id='word_1_167' title='bbox 1360 1026 1529 1065; x_wconf 81' lang='lat' dir='ltr'>Christia-</span> 
     </span>
     <span class='ocr_line' id='line_1_18' title="bbox 111 1075 1530 1133; baseline -0.01 -11"><span class='ocrx_word' id='word_1_168' title='bbox 111 1099 164 1123; x_wconf 80' lang='lat' dir='ltr'>nae</span> <span class='ocrx_word' id='word_1_169' title='bbox 178 1086 317 1133; x_wconf 88' lang='lat' dir='ltr'>pietatis</span> <span class='ocrx_word' id='word_1_170' title='bbox 336 1086 571 1126; x_wconf 88' lang='lat' dir='ltr'>detrimento,</span> <span class='ocrx_word' id='word_1_171' title='bbox 603 1088 634 1122; x_wconf 89' lang='lat'>&amp;</span> <span class='ocrx_word' id='word_1_172' title='bbox 657 1086 808 1122; x_wconf 89' lang='lat' dir='ltr'>scandalo</span> <span class='ocrx_word' id='word_1_173' title='bbox 836 1086 1020 1122; x_wconf 88' lang='lat' dir='ltr'>Laicorum</span> <span class='ocrx_word' id='word_1_174' title='bbox 1038 1112 1047 1124; x_wconf 93' lang='lat'><em>,</em></span> <span class='ocrx_word' id='word_1_175' title='bbox 1074 1081 1251 1119; x_wconf 83' lang='lat' dir='ltr'>aemulatio</span> <span class='ocrx_word' id='word_1_176' title='bbox 1274 1089 1376 1126; x_wconf 84' lang='lat' dir='ltr'>atque</span> <span class='ocrx_word' id='word_1_177' title='bbox 1399 1075 1530 1112; x_wconf 86' lang='lat' dir='ltr'>discor-</span> 
     </span>
     <span class='ocr_line' id='line_1_19' title="bbox 110 1124 1529 1184; baseline -0.009 -14"><span class='ocrx_word' id='word_1_178' title='bbox 110 1134 165 1170; x_wconf 86' lang='lat' dir='ltr'>dia</span> <span class='ocrx_word' id='word_1_179' title='bbox 194 1160 206 1175; x_wconf 85' lang='lat'><strong>,</strong></span> <span class='ocrx_word' id='word_1_180' title='bbox 229 1133 394 1184; x_wconf 79' lang='lat' dir='ltr'>continuo</span> <span class='ocrx_word' id='word_1_181' title='bbox 415 1133 484 1169; x_wconf 90' lang='lat' dir='ltr'>sese</span> <span class='ocrx_word' id='word_1_182' title='bbox 507 1135 766 1170; x_wconf 71' lang='lat' dir='ltr'>contradictores</span> <span class='ocrx_word' id='word_1_183' title='bbox 791 1134 1015 1181; x_wconf 72' lang='lat' dir='ltr'>praestiterunt</span> <span class='ocrx_word' id='word_1_184' title='bbox 1042 1131 1102 1166; x_wconf 89' lang='lat' dir='ltr'>alii</span> <span class='ocrx_word' id='word_1_185' title='bbox 1123 1129 1269 1172; x_wconf 77' lang='lat' dir='ltr'>ejusdem</span> <span class='ocrx_word' id='word_1_186' title='bbox 1306 1124 1434 1162; x_wconf 86' lang='lat' dir='ltr'>ordinis</span> <span class='ocrx_word' id='word_1_187' title='bbox 1463 1132 1529 1169; x_wconf 78' lang='lat' dir='ltr'>pa·</span> 
     </span>
     <span class='ocr_line' id='line_1_20' title="bbox 113 1170 1532 1229; baseline -0.009 -12"><span class='ocrx_word' id='word_1_188' title='bbox 113 1190 183 1217; x_wconf 87' lang='lat' dir='ltr'>tres</span> <span class='ocrx_word' id='word_1_189' title='bbox 207 1181 266 1228; x_wconf 87' lang='lat' dir='ltr'>qui</span> <span class='ocrx_word' id='word_1_190' title='bbox 283 1180 437 1217; x_wconf 80' lang='lat' dir='ltr'>Minores</span> <span class='ocrx_word' id='word_1_191' title='bbox 462 1180 688 1218; x_wconf 88' lang='lat' dir='ltr'>Observanles</span> <span class='ocrx_word' id='word_1_192' title='bbox 715 1191 952 1229; x_wconf 89' lang='lat' dir='ltr'>nuncupantut</span> <span class='ocrx_word' id='word_1_193' title='bbox 981 1207 990 1216; x_wconf 90' lang='lat'><strong>.</strong></span> <span class='ocrx_word' id='word_1_194' title='bbox 1017 1179 1115 1215; x_wconf 85' lang='lat' dir='ltr'>Licet</span> <span class='ocrx_word' id='word_1_195' title='bbox 1140 1178 1230 1213; x_wconf 90' lang='lat' dir='ltr'>enim</span> <span class='ocrx_word' id='word_1_196' title='bbox 1256 1176 1376 1211; x_wconf 84' lang='lat' dir='ltr'>horum</span> <span class='ocrx_word' id='word_1_197' title='bbox 1403 1170 1532 1205; x_wconf 85' lang='lat' dir='ltr'>Mona-</span> 
     </span>
     <span class='ocr_line' id='line_1_21' title="bbox 109 1216 1532 1277; baseline -0.009 -13"><span class='ocrx_word' id='word_1_198' title='bbox 109 1227 244 1265; x_wconf 82' lang='lat' dir='ltr'>sterium</span> <span class='ocrx_word' id='word_1_199' title='bbox 280 1228 381 1264; x_wconf 85' lang='lat' dir='ltr'>situm</span> <span class='ocrx_word' id='word_1_200' title='bbox 415 1228 454 1263; x_wconf 81' lang='lat' dir='ltr'>lit</span> <span class='ocrx_word' id='word_1_201' title='bbox 489 1228 525 1264; x_wconf 89' lang='lat' dir='ltr'>in</span> <span class='ocrx_word' id='word_1_202' title='bbox 550 1229 615 1264; x_wconf 85' lang='lat' dir='ltr'>alia</span> <span class='ocrx_word' id='word_1_203' title='bbox 645 1229 739 1265; x_wconf 81' lang='lat' dir='ltr'>Villa</span> <span class='ocrx_word' id='word_1_204' title='bbox 771 1229 863 1266; x_wconf 85' lang='lat' dir='ltr'>Alva</span> <span class='ocrx_word' id='word_1_205' title='bbox 888 1227 995 1277; x_wconf 63' lang='lat' dir='ltr'>,quse</span> <span class='ocrx_word' id='word_1_206' title='bbox 1019 1229 1144 1262; x_wconf 67' lang='lat' dir='ltr'>ostavo</span> <span class='ocrx_word' id='word_1_207' title='bbox 1167 1225 1277 1266; x_wconf 82' lang='lat' dir='ltr'>lapide</span> <span class='ocrx_word' id='word_1_208' title='bbox 1307 1220 1406 1256; x_wconf 57' lang='lat' dir='ltr'>distat</span> <span class='ocrx_word' id='word_1_209' title='bbox 1435 1216 1532 1257; x_wconf 84' lang='lat' dir='ltr'>aPe-</span> 
     </span>
     <span class='ocr_line' id='line_1_22' title="bbox 110 1264 1531 1329; baseline -0.008 -19"><span class='ocrx_word' id='word_1_210' title='bbox 110 1277 260 1329; x_wconf 82' lang='lat' dir='ltr'>naranda</span> <span class='ocrx_word' id='word_1_211' title='bbox 276 1302 286 1316; x_wconf 93' lang='lat'>,</span> <span class='ocrx_word' id='word_1_212' title='bbox 313 1276 347 1310; x_wconf 89' lang='lat' dir='ltr'>in</span> <span class='ocrx_word' id='word_1_213' title='bbox 363 1276 426 1312; x_wconf 86' lang='lat' dir='ltr'>hac</span> <span class='ocrx_word' id='word_1_214' title='bbox 451 1284 565 1311; x_wconf 88' lang='lat' dir='ltr'>tamen</span> <span class='ocrx_word' id='word_1_215' title='bbox 593 1276 726 1312; x_wconf 89' lang='lat' dir='ltr'>dudum</span> <span class='ocrx_word' id='word_1_216' title='bbox 754 1277 859 1313; x_wconf 81' lang='lat' dir='ltr'>alium</span> <span class='ocrx_word' id='word_1_217' title='bbox 875 1279 1015 1312; x_wconf 85' lang='lat' dir='ltr'>tertium</span> <span class='ocrx_word' id='word_1_218' title='bbox 1027 1275 1181 1311; x_wconf 86' lang='lat' dir='ltr'>ordinem</span> <span class='ocrx_word' id='word_1_219' title='bbox 1205 1270 1451 1307; x_wconf 89' lang='lat' dir='ltr'>instituerunt,</span> <span class='ocrx_word' id='word_1_220' title='bbox 1472 1264 1531 1311; x_wconf 87' lang='lat' dir='ltr'>qui</span> 
     </span>
     <span class='ocr_line' id='line_1_23' title="bbox 111 1315 1534 1369; baseline -0.008 -12"><span class='ocrx_word' id='word_1_221' title='bbox 111 1332 242 1369; x_wconf 86' lang='lat' dir='ltr'>regitur</span> <span class='ocrx_word' id='word_1_222' title='bbox 270 1324 428 1358; x_wconf 85' lang='lat' dir='ltr'>aduobus</span> <span class='ocrx_word' id='word_1_223' title='bbox 447 1323 598 1368; x_wconf 83' lang='lat' dir='ltr'>patribus</span> <span class='ocrx_word' id='word_1_224' title='bbox 623 1323 822 1360; x_wconf 78' lang='lat' dir='ltr'>Monasteri&#39;i</span> <span class='ocrx_word' id='word_1_225' title='bbox 854 1325 955 1360; x_wconf 81' lang='lat' dir='ltr'>Aivae</span> <span class='ocrx_word' id='word_1_226' title='bbox 971 1350 980 1363; x_wconf 88' lang='lat'><strong>,</strong></span> <span class='ocrx_word' id='word_1_227' title='bbox 1002 1322 1229 1365; x_wconf 80' lang='lat' dir='ltr'>habitantque</span> <span class='ocrx_word' id='word_1_228' title='bbox 1262 1319 1346 1353; x_wconf 86' lang='lat' dir='ltr'>aedes</span> <span class='ocrx_word' id='word_1_229' title='bbox 1364 1315 1534 1350; x_wconf 80' lang='lat' dir='ltr'>Penaran-</span> 
     </span>
     <span class='ocr_line' id='line_1_24' title="bbox 111 1359 1533 1421; baseline -0.006 -19"><span class='ocrx_word' id='word_1_230' title='bbox 111 1369 160 1404; x_wconf 70' lang='lat' dir='ltr'>dx</span> <span class='ocrx_word' id='word_1_231' title='bbox 175 1371 351 1421; x_wconf 72' lang='lat' dir='ltr'>conduClas</span> <span class='ocrx_word' id='word_1_232' title='bbox 374 1369 532 1417; x_wconf 79' lang='lat' dir='ltr'>impensis</span> <span class='ocrx_word' id='word_1_233' title='bbox 557 1369 825 1415; x_wconf 87' lang='lat' dir='ltr'>Corporatorum</span> <span class='ocrx_word' id='word_1_234' title='bbox 847 1371 941 1405; x_wconf 86' lang='lat' dir='ltr'>tertii</span> <span class='ocrx_word' id='word_1_235' title='bbox 968 1369 1094 1406; x_wconf 83' lang='lat' dir='ltr'>ordinis</span> <span class='ocrx_word' id='word_1_236' title='bbox 1109 1392 1116 1401; x_wconf 92' lang='lat'>.</span> <span class='ocrx_word' id='word_1_237' title='bbox 1141 1361 1400 1400; x_wconf 83' lang='lat' dir='ltr'>Commiffarius</span> <span class='ocrx_word' id='word_1_238' title='bbox 1425 1359 1533 1406; x_wconf 81' lang='lat' dir='ltr'>igitur</span> 
     </span>
     <span class='ocr_line' id='line_1_25' title="bbox 112 1409 1571 1459; baseline -0.007 -9"><span class='ocrx_word' id='word_1_239' title='bbox 112 1415 294 1451; x_wconf 79' lang='lat' dir='ltr'>Generalis</span> <span class='ocrx_word' id='word_1_240' title='bbox 311 1415 486 1452; x_wconf 78' lang='lat' dir='ltr'>Minorum</span> <span class='ocrx_word' id='word_1_241' title='bbox 505 1416 758 1452; x_wconf 89' lang='lat' dir='ltr'>observantium</span> <span class='ocrx_word' id='word_1_242' title='bbox 782 1418 947 1453; x_wconf 89' lang='lat' dir='ltr'>libellum</span> <span class='ocrx_word' id='word_1_243' title='bbox 973 1414 1099 1452; x_wconf 86' lang='lat' dir='ltr'>obtulit</span> <span class='ocrx_word' id='word_1_244' title='bbox 1122 1411 1335 1459; x_wconf 79' lang='lat' dir='ltr'>amplissimis</span> <span class='ocrx_word' id='word_1_245' title='bbox 1351 1409 1533 1448; x_wconf 81' lang='lat' dir='ltr'>Patribus,</span> <span class='ocrx_word' id='word_1_246' title='bbox 1560 1413 1571 1420; x_wconf 46' lang='lat'><strong>⁵</strong></span> 
     </span>
     <span class='ocr_line' id='line_1_26' title="bbox 111 1456 1571 1513; baseline -0.008 -15"><span class='ocrx_word' id='word_1_247' title='bbox 111 1473 178 1508; x_wconf 89' lang='lat' dir='ltr'>quo</span> <span class='ocrx_word' id='word_1_248' title='bbox 204 1472 329 1513; x_wconf 67' lang='lat' dir='ltr'>contra</span> <span class='ocrx_word' id='word_1_249' title='bbox 350 1462 503 1505; x_wconf 79' lang='lat' dir='ltr'>M‚nores</span> <span class='ocrx_word' id='word_1_250' title='bbox 524 1464 767 1504; x_wconf 83' lang='lat' dir='ltr'>Excalceatos‚</span> <span class='ocrx_word' id='word_1_251' title='bbox 800 1465 831 1500; x_wconf 77' lang='grc' dir='ltr'>δι</span> <span class='ocrx_word' id='word_1_252' title='bbox 857 1474 972 1510; x_wconf 86' lang='lat' dir='ltr'>patres</span> <span class='ocrx_word' id='word_1_253' title='bbox 995 1460 1232 1508; x_wconf 86' lang='lat' dir='ltr'>Cappuccinos</span> <span class='ocrx_word' id='word_1_254' title='bbox 1255 1456 1428 1506; x_wconf 80' lang='lat' dir='ltr'>querelam</span> <span class='ocrx_word' id='word_1_255' title='bbox 1456 1463 1533 1490; x_wconf 86' lang='lat' dir='ltr'>tur·</span> <span class='ocrx_word' id='word_1_256' title='bbox 1568 1484 1571 1486; x_wconf 90' lang='lat'>.</span> 
     </span>
     <span class='ocr_line' id='line_1_27' title="bbox 111 1502 1534 1563; baseline -0.02 2"><span class='ocrx_word' id='word_1_257' title='bbox 111 1510 454 1563; x_wconf 56' lang='lat' dir='ltr'>bdtae.ju¹&#39;isd¹ffl9f¹i³</span> <span class='ocrx_word' id='word_1_258' title='bbox 484 1512 712 1556; x_wconf 60' lang='lat' dir='ltr'>proponebat,</span> <span class='ocrx_word' id='word_1_259' title='bbox 745 1511 1023 1560; x_wconf 86' lang='lat' dir='ltr'>postulabatque,</span> <span class='ocrx_word' id='word_1_260' title='bbox 1045 1518 1084 1544; x_wconf 91' lang='lat' dir='ltr'>ut</span> <span class='ocrx_word' id='word_1_261' title='bbox 1110 1508 1206 1543; x_wconf 88' lang='lat' dir='ltr'>nulla</span> <span class='ocrx_word' id='word_1_262' title='bbox 1220 1516 1322 1554; x_wconf 89' lang='lat' dir='ltr'>atque</span> <span class='ocrx_word' id='word_1_263' title='bbox 1351 1502 1448 1538; x_wconf 87' lang='lat' dir='ltr'>irrita</span> <span class='ocrx_word' id='word_1_264' title='bbox 1472 1513 1534 1537; x_wconf 82' lang='lat' dir='ltr'>au-</span> 
     </span>
     <span class='ocr_line' id='line_1_28' title="bbox 112 1549 1535 1603; baseline -0.006 -10"><span class='ocrx_word' id='word_1_265' title='bbox 112 1558 278 1594; x_wconf 53' lang='lat' dir='ltr'>thoritate</span> <span class='ocrx_word' id='word_1_266' title='bbox 305 1557 391 1592; x_wconf 88' lang='lat' dir='ltr'>sacri</span> <span class='ocrx_word' id='word_1_267' title='bbox 419 1559 563 1593; x_wconf 79' lang='lat' dir='ltr'>Senatus</span> <span class='ocrx_word' id='word_1_268' title='bbox 595 1559 830 1596; x_wconf 83' lang='lat' dir='ltr'>declararetur</span> <span class='ocrx_word' id='word_1_269' title='bbox 853 1561 995 1598; x_wconf 64' lang='lat' dir='ltr'>erectio,</span> <span class='ocrx_word' id='word_1_270' title='bbox 1025 1567 1130 1603; x_wconf 84' lang='lat' dir='ltr'>utque</span> <span class='ocrx_word' id='word_1_271' title='bbox 1154 1555 1272 1590; x_wconf 81' lang='lat' dir='ltr'>tei-tius</span> <span class='ocrx_word' id='word_1_272' title='bbox 1287 1552 1348 1587; x_wconf 89' lang='lat' dir='ltr'>ille</span> <span class='ocrx_word' id='word_1_273' title='bbox 1371 1551 1454 1585; x_wconf 91' lang='lat' dir='ltr'>ordo</span> <span class='ocrx_word' id='word_1_274' title='bbox 1467 1549 1535 1584; x_wconf 86' lang='lat' dir='ltr'>dis-</span> 
     </span>
     <span class='ocr_line' id='line_1_29' title="bbox 112 1596 1535 1653; baseline -0.006 -13"><span class='ocrx_word' id='word_1_275' title='bbox 112 1605 328 1641; x_wconf 74' lang='lat' dir='ltr'>solveretur:</span> <span class='ocrx_word' id='word_1_276' title='bbox 357 1606 488 1640; x_wconf 89' lang='lat' dir='ltr'>Audito</span> <span class='ocrx_word' id='word_1_277' title='bbox 503 1605 640 1653; x_wconf 83' lang='lat' dir='ltr'>itaque,</span> <span class='ocrx_word' id='word_1_278' title='bbox 670 1615 709 1641; x_wconf 89' lang='lat' dir='ltr'>ut</span> <span class='ocrx_word' id='word_1_279' title='bbox 735 1606 808 1643; x_wconf 89' lang='lat' dir='ltr'>fieri</span> <span class='ocrx_word' id='word_1_280' title='bbox 838 1608 925 1643; x_wconf 87' lang='lat' dir='ltr'>solet</span> <span class='ocrx_word' id='word_1_281' title='bbox 944 1605 1133 1652; x_wconf 82' lang='lat' dir='ltr'>Episcopo,</span> <span class='ocrx_word' id='word_1_282' title='bbox 1156 1603 1214 1648; x_wconf 91' lang='lat' dir='ltr'>qui</span> <span class='ocrx_word' id='word_1_283' title='bbox 1242 1608 1361 1637; x_wconf 83' lang='lat' dir='ltr'>contra</span> <span class='ocrx_word' id='word_1_284' title='bbox 1381 1596 1535 1632; x_wconf 76' lang='lat' dir='ltr'>Minores</span> 
     </span>
     <span class='ocr_line' id='line_1_30' title="bbox 112 1642 1535 1704; baseline -0.011 -13"><span class='ocrx_word' id='word_1_285' title='bbox 112 1652 543 1704; x_wconf 23' lang='lat' dir='ltr'>observantestrespondit</span> <span class='ocrx_word' id='word_1_286' title='bbox 567 1681 577 1693; x_wconf 83' lang='lat'>‚</span> <span class='ocrx_word' id='word_1_287' title='bbox 602 1654 634 1688; x_wconf 69' lang='grc' dir='ltr'>δι</span> <span class='ocrx_word' id='word_1_288' title='bbox 655 1654 814 1690; x_wconf 86' lang='lat' dir='ltr'>Minores</span> <span class='ocrx_word' id='word_1_289' title='bbox 839 1655 1063 1689; x_wconf 85' lang='lat' dir='ltr'>Excalceatos</span> <span class='ocrx_word' id='word_1_290' title='bbox 1087 1658 1209 1696; x_wconf 86' lang='lat' dir='ltr'>purgat</span> <span class='ocrx_word' id='word_1_291' title='bbox 1234 1650 1274 1684; x_wconf 90' lang='lat' dir='ltr'>ab</span> <span class='ocrx_word' id='word_1_292' title='bbox 1301 1644 1445 1690; x_wconf 69' lang='lat' dir='ltr'>impletis</span> <span class='ocrx_word' id='word_1_293' title='bbox 1469 1642 1535 1679; x_wconf 90' lang='lat' dir='ltr'>cri-</span> 
     </span>
     <span class='ocr_line' id='line_1_31' title="bbox 113 1687 1537 1752; baseline -0.006 -19"><span class='ocrx_word' id='word_1_294' title='bbox 113 1701 288 1752; x_wconf 76' lang='lat' dir='ltr'>minibus,</span> <span class='ocrx_word' id='word_1_295' title='bbox 316 1707 382 1734; x_wconf 87' lang='lat' dir='ltr'>tria</span> <span class='ocrx_word' id='word_1_296' title='bbox 408 1711 500 1734; x_wconf 86' lang='lat' dir='ltr'>nunc</span> <span class='ocrx_word' id='word_1_297' title='bbox 528 1700 773 1737; x_wconf 62' lang='lat' dir='ltr'>controversae</span> <span class='ocrx_word' id='word_1_298' title='bbox 800 1702 902 1745; x_wconf 87' lang='lat' dir='ltr'>hujus</span> <span class='ocrx_word' id='word_1_299' title='bbox 927 1700 1042 1746; x_wconf 87' lang='lat' dir='ltr'>capita</span> <span class='ocrx_word' id='word_1_300' title='bbox 1054 1695 1266 1744; x_wconf 83' lang='lat' dir='ltr'>amplissimis</span> <span class='ocrx_word' id='word_1_301' title='bbox 1288 1693 1438 1740; x_wconf 68' lang='lat' dir='ltr'>patrinus</span> <span class='ocrx_word' id='word_1_302' title='bbox 1451 1687 1537 1726; x_wconf 86' lang='lat' dir='ltr'>defi-</span> 
     </span>
     <span class='ocr_line' id='line_1_32' title="bbox 115 1749 513 1793; baseline -0.003 -11"><span class='ocrx_word' id='word_1_303' title='bbox 115 1749 236 1782; x_wconf 83' lang='lat' dir='ltr'>menda</span> <span class='ocrx_word' id='word_1_304' title='bbox 257 1756 491 1793; x_wconf 82' lang='lat' dir='ltr'>proponuntur</span> <span class='ocrx_word' id='word_1_305' title='bbox 504 1773 513 1781; x_wconf 95' lang='lat'>.</span> 
     </span>
    </p>

    <p class='ocr_par' dir='ltr' id='par_1_6' title="bbox 65 1784 1577 2696">
     <span class='ocr_line' id='line_1_33' title="bbox 65 1784 1537 1840; baseline -0.008 -9"><span class='ocrx_word' id='word_1_306' title='bbox 65 1794 221 1840; x_wconf 73' lang='lat' dir='ltr'>Longum</span> <span class='ocrx_word' id='word_1_307' title='bbox 233 1794 385 1840; x_wconf 68' lang='lat' dir='ltr'>profeao</span> <span class='ocrx_word' id='word_1_308' title='bbox 401 1821 412 1834; x_wconf 97' lang='lat'>,</span> <span class='ocrx_word' id='word_1_309' title='bbox 437 1803 540 1840; x_wconf 84' lang='lat' dir='ltr'>atque</span> <span class='ocrx_word' id='word_1_310' title='bbox 554 1794 679 1830; x_wconf 88' lang='lat' dir='ltr'>inutile</span> <span class='ocrx_word' id='word_1_311' title='bbox 694 1795 775 1831; x_wconf 80' lang='lat' dir='ltr'>esset</span> <span class='ocrx_word' id='word_1_312' title='bbox 801 1809 841 1832; x_wconf 86' lang='lat' dir='ltr'>ea</span> <span class='ocrx_word' id='word_1_313' title='bbox 863 1796 986 1834; x_wconf 88' lang='lat' dir='ltr'>omnia</span> <span class='ocrx_word' id='word_1_314' title='bbox 1000 1822 1010 1835; x_wconf 84' lang='lat'>‚</span> <span class='ocrx_word' id='word_1_315' title='bbox 1029 1792 1153 1840; x_wconf 87' lang='lat' dir='ltr'>quibus</span> <span class='ocrx_word' id='word_1_316' title='bbox 1169 1790 1347 1826; x_wconf 89' lang='lat' dir='ltr'>Minorum</span> <span class='ocrx_word' id='word_1_317' title='bbox 1359 1784 1456 1822; x_wconf 89' lang='lat' dir='ltr'>Ordo</span> <span class='ocrx_word' id='word_1_318' title='bbox 1469 1784 1537 1820; x_wconf 82' lang='lat' dir='ltr'>ho-</span> 
     </span>
     <span class='ocr_line' id='line_1_34' title="bbox 113 1834 1538 1889; baseline -0.008 -12"><span class='ocrx_word' id='word_1_319' title='bbox 113 1841 262 1878; x_wconf 87' lang='lat' dir='ltr'>nestatus</span> <span class='ocrx_word' id='word_1_320' title='bbox 279 1841 344 1877; x_wconf 87' lang='lat' dir='ltr'>fuit</span> <span class='ocrx_word' id='word_1_321' title='bbox 358 1853 377 1876; x_wconf 92' lang='lat' dir='ltr'>a</span> <span class='ocrx_word' id='word_1_322' title='bbox 390 1841 538 1876; x_wconf 88' lang='lat' dir='ltr'>Summis</span> <span class='ocrx_word' id='word_1_323' title='bbox 551 1841 776 1879; x_wconf 87' lang='lat' dir='ltr'>Pontificibus</span> <span class='ocrx_word' id='word_1_324' title='bbox 788 1866 800 1884; x_wconf 83' lang='lat'><strong>,</strong></span> <span class='ocrx_word' id='word_1_325' title='bbox 819 1844 1008 1889; x_wconf 77' lang='lat' dir='ltr'>privilegia</span> <span class='ocrx_word' id='word_1_326' title='bbox 1026 1842 1082 1876; x_wconf 88' lang='lat' dir='ltr'>hic</span> <span class='ocrx_word' id='word_1_327' title='bbox 1099 1838 1248 1873; x_wconf 83' lang='lat' dir='ltr'>referre:</span> <span class='ocrx_word' id='word_1_328' title='bbox 1273 1835 1354 1871; x_wconf 88' lang='lat' dir='ltr'>satis</span> <span class='ocrx_word' id='word_1_329' title='bbox 1376 1834 1441 1868; x_wconf 83' lang='lat' dir='ltr'>erit</span> <span class='ocrx_word' id='word_1_330' title='bbox 1460 1845 1538 1868; x_wconf 89' lang='lat' dir='ltr'>mo-</span> 
     </span>
     <span class='ocr_line' id='line_1_35' title="bbox 113 1879 1540 1939; baseline -0.008 -14"><span class='ocrx_word' id='word_1_331' title='bbox 113 1901 197 1925; x_wconf 89' lang='lat' dir='ltr'>nere</span> <span class='ocrx_word' id='word_1_332' title='bbox 211 1889 408 1925; x_wconf 83' lang='lat' dir='ltr'>facultatem</span> <span class='ocrx_word' id='word_1_333' title='bbox 423 1889 512 1924; x_wconf 87' lang='lat' dir='ltr'>hanc</span> <span class='ocrx_word' id='word_1_334' title='bbox 525 1916 535 1928; x_wconf 92' lang='lat'>‚</span> <span class='ocrx_word' id='word_1_335' title='bbox 560 1890 824 1939; x_wconf 87' lang='lat' dir='ltr'>potestatemque</span> <span class='ocrx_word' id='word_1_336' title='bbox 839 1893 1001 1928; x_wconf 84' lang='lat' dir='ltr'>Tertium</span> <span class='ocrx_word' id='word_1_337' title='bbox 1015 1886 1185 1924; x_wconf 86' lang='lat' dir='ltr'>Ordinem</span> <span class='ocrx_word' id='word_1_338' title='bbox 1200 1882 1416 1920; x_wconf 86' lang='lat' dir='ltr'>I’oenitentiae</span> <span class='ocrx_word' id='word_1_339' title='bbox 1438 1879 1540 1915; x_wconf 79' lang='lat' dir='ltr'>insti-</span> 
     </span>
     <span class='ocr_line' id='line_1_36' title="bbox 110 1927 1540 1987; baseline -0.011 -15"><span class='ocrx_word' id='word_1_340' title='bbox 110 1938 228 1972; x_wconf 84' lang='lat' dir='ltr'>tuendi</span> <span class='ocrx_word' id='word_1_341' title='bbox 243 1939 284 1974; x_wconf 86' lang='lat' dir='ltr'>iis</span> <span class='ocrx_word' id='word_1_342' title='bbox 308 1936 467 1971; x_wconf 87' lang='lat' dir='ltr'>omnibus</span> <span class='ocrx_word' id='word_1_343' title='bbox 485 1936 648 1972; x_wconf 86' lang='lat' dir='ltr'>tributam</span> <span class='ocrx_word' id='word_1_344' title='bbox 662 1937 780 1979; x_wconf 73' lang='lat' dir='ltr'>fuisse,</span> <span class='ocrx_word' id='word_1_345' title='bbox 803 1941 860 1987; x_wconf 91' lang='lat' dir='ltr'>qui</span> <span class='ocrx_word' id='word_1_346' title='bbox 884 1941 936 1980; x_wconf 88' lang='lat' dir='ltr'>D,</span> <span class='ocrx_word' id='word_1_347' title='bbox 952 1935 1127 1974; x_wconf 84' lang='lat' dir='ltr'>Francisci</span> <span class='ocrx_word' id='word_1_348' title='bbox 1155 1935 1279 1969; x_wconf 86' lang='lat' dir='ltr'>horum</span> <span class='ocrx_word' id='word_1_349' title='bbox 1303 1927 1459 1965; x_wconf 87' lang='lat' dir='ltr'>omnium</span> <span class='ocrx_word' id='word_1_350' title='bbox 1472 1928 1540 1963; x_wconf 77' lang='lat' dir='ltr'>Pa.</span> 
     </span>
     <span class='ocr_line' id='line_1_37' title="bbox 111 1975 1540 2031; baseline -0.006 -11"><span class='ocrx_word' id='word_1_351' title='bbox 111 1985 220 2020; x_wconf 74' lang='lat' dir='ltr'>remis</span> <span class='ocrx_word' id='word_1_352' title='bbox 234 2013 245 2026; x_wconf 95' lang='lat'>,</span> <span class='ocrx_word' id='word_1_353' title='bbox 268 1983 418 2030; x_wconf 80' lang='lat' dir='ltr'>legitimi</span> <span class='ocrx_word' id='word_1_354' title='bbox 444 1982 509 2017; x_wconf 90' lang='lat' dir='ltr'>silii</span> <span class='ocrx_word' id='word_1_355' title='bbox 533 1984 606 2019; x_wconf 82' lang='lat' dir='ltr'>sunt</span> <span class='ocrx_word' id='word_1_356' title='bbox 621 2011 631 2024; x_wconf 88' lang='lat'><strong>,</strong></span> <span class='ocrx_word' id='word_1_357' title='bbox 656 1987 687 2021; x_wconf 86' lang='lat'>&amp;</span> <span class='ocrx_word' id='word_1_358' title='bbox 703 1987 775 2021; x_wconf 87' lang='lat' dir='ltr'>veri</span> <span class='ocrx_word' id='word_1_359' title='bbox 801 1987 1003 2024; x_wconf 71' lang='lat' dir='ltr'>successores</span> <span class='ocrx_word' id='word_1_360' title='bbox 1018 2013 1027 2026; x_wconf 94' lang='lat'><strong>,</strong></span> <span class='ocrx_word' id='word_1_361' title='bbox 1054 1992 1193 2031; x_wconf 85' lang='lat' dir='ltr'>quoquo</span> <span class='ocrx_word' id='word_1_362' title='bbox 1210 1981 1345 2014; x_wconf 91' lang='lat' dir='ltr'>demum</span> <span class='ocrx_word' id='word_1_363' title='bbox 1365 1975 1540 2012; x_wconf 69' lang='lat' dir='ltr'>nomine-s</span> 
     </span>
     <span class='ocr_line' id='line_1_38' title="bbox 111 2020 1540 2084; baseline -0.01 -11"><span class='ocrx_word' id='word_1_364' title='bbox 111 2042 356 2084; x_wconf 52' lang='lat' dir='ltr'>ssqncupentur</span> <span class='ocrx_word' id='word_1_365' title='bbox 370 2058 381 2071; x_wconf 84' lang='lat'>‚</span> <span class='ocrx_word' id='word_1_366' title='bbox 410 2030 477 2066; x_wconf 81' lang='lat' dir='ltr'>sive</span> <span class='ocrx_word' id='word_1_367' title='bbox 491 2030 651 2068; x_wconf 89' lang='lat' dir='ltr'>Minores</span> <span class='ocrx_word' id='word_1_368' title='bbox 666 2034 897 2071; x_wconf 79' lang='lat' dir='ltr'>observantes</span> <span class='ocrx_word' id='word_1_369' title='bbox 910 2062 920 2075; x_wconf 91' lang='lat'>‚</span> <span class='ocrx_word' id='word_1_370' title='bbox 948 2034 1017 2068; x_wconf 88' lang='lat' dir='ltr'>five</span> <span class='ocrx_word' id='word_1_371' title='bbox 1035 2027 1231 2066; x_wconf 84' lang='lat' dir='ltr'>Excalceati</span> <span class='ocrx_word' id='word_1_372' title='bbox 1253 2051 1264 2065; x_wconf 85' lang='lat'>‚</span> <span class='ocrx_word' id='word_1_373' title='bbox 1291 2024 1359 2060; x_wconf 82' lang='lat' dir='ltr'>slve</span> <span class='ocrx_word' id='word_1_374' title='bbox 1377 2020 1540 2058; x_wconf 86' lang='lat' dir='ltr'>Recolle-</span> 
     </span>
     <span class='ocr_line' id='line_1_39' title="bbox 110 2069 1539 2131; baseline -0.006 -18"><span class='ocrx_word' id='word_1_375' title='bbox 110 2080 179 2131; x_wconf 67' lang='lat' dir='ltr'>(li,</span> <span class='ocrx_word' id='word_1_376' title='bbox 200 2080 268 2115; x_wconf 88' lang='lat' dir='ltr'>sive</span> <span class='ocrx_word' id='word_1_377' title='bbox 295 2080 389 2118; x_wconf 88' lang='lat' dir='ltr'>alio,</span> <span class='ocrx_word' id='word_1_378' title='bbox 411 2089 512 2123; x_wconf 84' lang='lat' dir='ltr'>atque</span> <span class='ocrx_word' id='word_1_379' title='bbox 541 2079 634 2119; x_wconf 88' lang='lat' dir='ltr'>alio,</span> <span class='ocrx_word' id='word_1_380' title='bbox 660 2084 749 2126; x_wconf 87' lang='lat' dir='ltr'>quod</span> <span class='ocrx_word' id='word_1_381' title='bbox 771 2094 812 2117; x_wconf 90' lang='lat' dir='ltr'>eo</span> <span class='ocrx_word' id='word_1_382' title='bbox 837 2083 944 2129; x_wconf 89' lang='lat' dir='ltr'>usque</span> <span class='ocrx_word' id='word_1_383' title='bbox 967 2079 1153 2127; x_wconf 65' lang='lat' dir='ltr'>porrefium</span> <span class='ocrx_word' id='word_1_384' title='bbox 1180 2074 1227 2111; x_wconf 87' lang='lat' dir='ltr'>est</span> <span class='ocrx_word' id='word_1_385' title='bbox 1241 2100 1253 2115; x_wconf 91' lang='lat'>,</span> <span class='ocrx_word' id='word_1_386' title='bbox 1274 2081 1313 2107; x_wconf 88' lang='lat' dir='ltr'>ut</span> <span class='ocrx_word' id='word_1_387' title='bbox 1338 2069 1539 2105; x_wconf 81' lang='lat' dir='ltr'>Minoribus</span> 
     </span>
     <span class='ocr_line' id='line_1_40' title="bbox 108 2116 1539 2178; baseline -0.008 -18"><span class='ocrx_word' id='word_1_388' title='bbox 108 2135 216 2178; x_wconf 82' lang='lat' dir='ltr'>etiam</span> <span class='ocrx_word' id='word_1_389' title='bbox 227 2126 461 2173; x_wconf 83' lang='lat' dir='ltr'>Cappuccinis</span> <span class='ocrx_word' id='word_1_390' title='bbox 487 2126 631 2163; x_wconf 87' lang='lat' dir='ltr'>facultas</span> <span class='ocrx_word' id='word_1_391' title='bbox 647 2129 708 2163; x_wconf 89' lang='lat' dir='ltr'>illa</span> <span class='ocrx_word' id='word_1_392' title='bbox 733 2130 861 2164; x_wconf 89' lang='lat' dir='ltr'>tributa</span> <span class='ocrx_word' id='word_1_393' title='bbox 876 2129 982 2165; x_wconf 89' lang='lat' dir='ltr'>fuerit</span> <span class='ocrx_word' id='word_1_394' title='bbox 998 2125 1179 2172; x_wconf 82' lang='lat' dir='ltr'>largitate,</span> <span class='ocrx_word' id='word_1_395' title='bbox 1201 2130 1303 2167; x_wconf 86' lang='lat' dir='ltr'>atque</span> <span class='ocrx_word' id='word_1_396' title='bbox 1320 2116 1539 2163; x_wconf 85' lang='lat' dir='ltr'>indulgentia</span> 
     </span>
     <span class='ocr_line' id='line_1_41' title="bbox 108 2163 1539 2224; baseline -0.008 -15"><span class='ocrx_word' id='word_1_397' title='bbox 108 2183 330 2224; x_wconf 82' lang='lat' dir='ltr'>optimorum</span> <span class='ocrx_word' id='word_1_398' title='bbox 355 2171 564 2208; x_wconf 85' lang='lat' dir='ltr'>Pontificum</span> <span class='ocrx_word' id='word_1_399' title='bbox 583 2175 753 2211; x_wconf 69' lang='lat' dir='ltr'>Benedicti</span> <span class='ocrx_word' id='word_1_400' title='bbox 772 2177 871 2213; x_wconf 91' lang='lat' dir='ltr'><strong>XIII.</strong></span> <span class='ocrx_word' id='word_1_401' title='bbox 886 2203 896 2217; x_wconf 89' lang='lat'>,</span> <span class='ocrx_word' id='word_1_402' title='bbox 922 2177 954 2210; x_wconf 70' lang='grc' dir='ltr'>ὅ(</span> <span class='ocrx_word' id='word_1_403' title='bbox 977 2171 1169 2210; x_wconf 89' lang='lat' dir='ltr'>Clementis</span> <span class='ocrx_word' id='word_1_404' title='bbox 1185 2167 1269 2203; x_wconf 89' lang='lat' dir='ltr'>Xll.</span> <span class='ocrx_word' id='word_1_405' title='bbox 1296 2164 1399 2200; x_wconf 91' lang='lat' dir='ltr'>Nihil</span> <span class='ocrx_word' id='word_1_406' title='bbox 1426 2163 1539 2209; x_wconf 79' lang='lat' dir='ltr'>igitur</span> 
     </span>
     <span class='ocr_line' id='line_1_42' title="bbox 111 2212 1540 2272; baseline -0.009 -15"><span class='ocrx_word' id='word_1_407' title='bbox 111 2221 255 2268; x_wconf 81' lang='lat' dir='ltr'>proponi·</span> <span class='ocrx_word' id='word_1_408' title='bbox 275 2221 444 2272; x_wconf 78' lang='lat' dir='ltr'>disputant</span> <span class='ocrx_word' id='word_1_409' title='bbox 464 2220 620 2256; x_wconf 87' lang='lat' dir='ltr'>Minores</span> <span class='ocrx_word' id='word_1_410' title='bbox 647 2222 844 2259; x_wconf 82' lang='lat' dir='ltr'>Excalceati</span> <span class='ocrx_word' id='word_1_411' title='bbox 862 2251 872 2264; x_wconf 90' lang='lat'><strong>,</strong></span> <span class='ocrx_word' id='word_1_412' title='bbox 903 2233 964 2257; x_wconf 86' lang='lat' dir='ltr'>cur</span> <span class='ocrx_word' id='word_1_413' title='bbox 985 2222 1102 2256; x_wconf 88' lang='lat' dir='ltr'>eodem</span> <span class='ocrx_word' id='word_1_414' title='bbox 1124 2213 1326 2253; x_wconf 85' lang='lat' dir='ltr'>beneficio,</span> <span class='ocrx_word' id='word_1_415' title='bbox 1352 2212 1540 2257; x_wconf 88' lang='lat' dir='ltr'>eademque</span> 
     </span>
     <span class='ocr_line' id='line_1_43' title="bbox 111 2261 1540 2320; baseline -0.008 -17"><span class='ocrx_word' id='word_1_416' title='bbox 111 2269 272 2320; x_wconf 73' lang='lat' dir='ltr'>potestate</span> <span class='ocrx_word' id='word_1_417' title='bbox 292 2267 353 2315; x_wconf 87' lang='lat' dir='ltr'>ipfi</span> <span class='ocrx_word' id='word_1_418' title='bbox 371 2277 422 2303; x_wconf 88' lang='lat' dir='ltr'>uti</span> <span class='ocrx_word' id='word_1_419' title='bbox 449 2278 642 2312; x_wconf 83' lang='lat' dir='ltr'>nequeant,</span> <span class='ocrx_word' id='word_1_420' title='bbox 671 2270 729 2316; x_wconf 89' lang='lat' dir='ltr'>qui</span> <span class='ocrx_word' id='word_1_421' title='bbox 754 2271 862 2316; x_wconf 78' lang='lat' dir='ltr'>{pur-ii</span> <span class='ocrx_word' id='word_1_422' title='bbox 881 2269 949 2305; x_wconf 84' lang='lat' dir='ltr'>filii</span> <span class='ocrx_word' id='word_1_423' title='bbox 974 2279 1043 2304; x_wconf 91' lang='lat' dir='ltr'>non</span> <span class='ocrx_word' id='word_1_424' title='bbox 1069 2265 1145 2301; x_wconf 90' lang='lat' dir='ltr'>sunt</span> <span class='ocrx_word' id='word_1_425' title='bbox 1159 2290 1170 2305; x_wconf 87' lang='lat'>‚</span> <span class='ocrx_word' id='word_1_426' title='bbox 1194 2261 1321 2309; x_wconf 88' lang='lat' dir='ltr'>quique</span> <span class='ocrx_word' id='word_1_427' title='bbox 1336 2270 1442 2295; x_wconf 86' lang='lat' dir='ltr'>unum</span> <span class='ocrx_word' id='word_1_428' title='bbox 1459 2269 1540 2293; x_wconf 90' lang='lat' dir='ltr'>cum</span> 
     </span>
     <span class='ocr_line' id='line_1_44' title="bbox 110 2304 1537 2362; baseline -0.008 -12"><span class='ocrx_word' id='word_1_429' title='bbox 110 2315 313 2350; x_wconf 82' lang='lat' dir='ltr'>Minoribus</span> <span class='ocrx_word' id='word_1_430' title='bbox 328 2315 599 2351; x_wconf 84' lang='lat' dir='ltr'>Observantibus</span> <span class='ocrx_word' id='word_1_431' title='bbox 615 2318 747 2362; x_wconf 84' lang='lat' dir='ltr'>Corpus</span> <span class='ocrx_word' id='word_1_432' title='bbox 768 2317 999 2355; x_wconf 89' lang='lat' dir='ltr'>constituunt,</span> <span class='ocrx_word' id='word_1_433' title='bbox 1031 2313 1252 2357; x_wconf 85' lang='lat' dir='ltr'>eumdemque</span> <span class='ocrx_word' id='word_1_434' title='bbox 1267 2306 1373 2344; x_wconf 85' lang='lat' dir='ltr'>totius</span> <span class='ocrx_word' id='word_1_435' title='bbox 1392 2304 1537 2340; x_wconf 84' lang='lat' dir='ltr'>Ordinis</span> 
     </span>
     <span class='ocr_line' id='line_1_45' title="bbox 113 2353 1537 2414; baseline -0.004 -17"><span class='ocrx_word' id='word_1_436' title='bbox 113 2362 311 2414; x_wconf 41' lang='lat' dir='ltr'>Frieseslum</span> <span class='ocrx_word' id='word_1_437' title='bbox 325 2363 507 2409; x_wconf 85' lang='lat' dir='ltr'>agnoscunt</span> <span class='ocrx_word' id='word_1_438' title='bbox 520 2389 530 2402; x_wconf 89' lang='lat'>‚</span> <span class='ocrx_word' id='word_1_439' title='bbox 552 2373 657 2411; x_wconf 86' lang='lat' dir='ltr'>atque</span> <span class='ocrx_word' id='word_1_440' title='bbox 670 2364 701 2399; x_wconf 91' lang='lat' dir='ltr'>id</span> <span class='ocrx_word' id='word_1_441' title='bbox 717 2365 749 2400; x_wconf 87' lang='lat'><strong>&amp;</strong></span> <span class='ocrx_word' id='word_1_442' title='bbox 763 2366 846 2407; x_wconf 86' lang='lat' dir='ltr'>juris</span> <span class='ocrx_word' id='word_1_443' title='bbox 862 2362 1084 2409; x_wconf 87' lang='lat' dir='ltr'>dispositione</span> <span class='ocrx_word' id='word_1_444' title='bbox 1100 2358 1268 2405; x_wconf 76' lang='lat' dir='ltr'>perspecta</span> <span class='ocrx_word' id='word_1_445' title='bbox 1279 2382 1288 2396; x_wconf 90' lang='lat'>‚</span> <span class='ocrx_word' id='word_1_446' title='bbox 1309 2356 1341 2390; x_wconf 86' lang='lat'>&amp;</span> <span class='ocrx_word' id='word_1_447' title='bbox 1358 2353 1537 2392; x_wconf 65' lang='lat' dir='ltr'>diuturna,</span> 
     </span>
     <span class='ocr_line' id='line_1_46' title="bbox 111 2398 1538 2457; baseline -0.011 -10"><span class='ocrx_word' id='word_1_448' title='bbox 111 2421 149 2445; x_wconf 77' lang='lat' dir='ltr'>ln</span> <span class='ocrx_word' id='word_1_449' title='bbox 165 2422 228 2456; x_wconf 87' lang='lat' dir='ltr'>qua</span> <span class='ocrx_word' id='word_1_450' title='bbox 243 2410 340 2449; x_wconf 87' lang='lat' dir='ltr'>sunt,</span> <span class='ocrx_word' id='word_1_451' title='bbox 369 2409 588 2457; x_wconf 83' lang='lat' dir='ltr'>posseffione‚</span> <span class='ocrx_word' id='word_1_452' title='bbox 613 2412 791 2446; x_wconf 88' lang='lat' dir='ltr'>dicendum</span> <span class='ocrx_word' id='word_1_453' title='bbox 821 2411 886 2447; x_wconf 74' lang='lat' dir='ltr'>esse</span> <span class='ocrx_word' id='word_1_454' title='bbox 898 2411 1086 2448; x_wconf 75' lang='lat' dir='ltr'>ereetiones</span> <span class='ocrx_word' id='word_1_455' title='bbox 1103 2406 1225 2445; x_wconf 85' lang='lat' dir='ltr'>hasce,</span> <span class='ocrx_word' id='word_1_456' title='bbox 1251 2412 1356 2449; x_wconf 84' lang='lat' dir='ltr'>atque</span> <span class='ocrx_word' id='word_1_457' title='bbox 1379 2398 1538 2451; x_wconf 71' lang='lat' dir='ltr'>allectio—</span> 
     </span>
     <span class='ocr_line' id='line_1_47' title="bbox 111 2449 1540 2505; baseline -0.008 -14"><span class='ocrx_word' id='word_1_458' title='bbox 111 2468 172 2492; x_wconf 87' lang='lat' dir='ltr'>nes</span> <span class='ocrx_word' id='word_1_459' title='bbox 187 2457 462 2503; x_wconf 85' lang='lat' dir='ltr'>Corporatorum</span> <span class='ocrx_word' id='word_1_460' title='bbox 487 2457 606 2494; x_wconf 86' lang='lat' dir='ltr'>Tertii</span> <span class='ocrx_word' id='word_1_461' title='bbox 622 2459 759 2494; x_wconf 64' lang='lat' dir='ltr'>Ordinis</span> <span class='ocrx_word' id='word_1_462' title='bbox 783 2457 857 2495; x_wconf 85' lang='lat' dir='ltr'>fieri</span> <span class='ocrx_word' id='word_1_463' title='bbox 874 2458 962 2505; x_wconf 82' lang='lat' dir='ltr'>poffe</span> <span class='ocrx_word' id='word_1_464' title='bbox 986 2470 1004 2492; x_wconf 84' lang='lat' dir='ltr'>a</span> <span class='ocrx_word' id='word_1_465' title='bbox 1027 2455 1222 2491; x_wconf 90' lang='lat' dir='ltr'>Minoribus</span> <span class='ocrx_word' id='word_1_466' title='bbox 1236 2449 1471 2486; x_wconf 81' lang='lat' dir='ltr'>Excalceatis,</span> <span class='ocrx_word' id='word_1_467' title='bbox 1501 2454 1540 2482; x_wconf 85' lang='lat' dir='ltr'>ut</span> 
     </span>
     <span class='ocr_line' id='line_1_48' title="bbox 110 2492 1539 2551; baseline -0.007 -13"><span class='ocrx_word' id='word_1_468' title='bbox 110 2502 198 2538; x_wconf 78' lang='lat' dir='ltr'>fiunt</span> <span class='ocrx_word' id='word_1_469' title='bbox 213 2517 230 2538; x_wconf 91' lang='lat' dir='ltr'>a</span> <span class='ocrx_word' id='word_1_470' title='bbox 246 2505 448 2541; x_wconf 88' lang='lat' dir='ltr'>Minoribus</span> <span class='ocrx_word' id='word_1_471' title='bbox 461 2506 736 2541; x_wconf 80' lang='lat' dir='ltr'>observantibus</span> <span class='ocrx_word' id='word_1_472' title='bbox 749 2532 759 2545; x_wconf 92' lang='lat'>,</span> <span class='ocrx_word' id='word_1_473' title='bbox 787 2506 934 2551; x_wconf 85' lang='lat' dir='ltr'>aliisque</span> <span class='ocrx_word' id='word_1_474' title='bbox 949 2533 959 2547; x_wconf 90' lang='lat'>,</span> <span class='ocrx_word' id='word_1_475' title='bbox 985 2514 1085 2550; x_wconf 89' lang='lat' dir='ltr'>atque</span> <span class='ocrx_word' id='word_1_476' title='bbox 1108 2502 1158 2537; x_wconf 91' lang='lat' dir='ltr'>ita</span> <span class='ocrx_word' id='word_1_477' title='bbox 1182 2497 1367 2535; x_wconf 84' lang='lat' dir='ltr'>definitum</span> <span class='ocrx_word' id='word_1_478' title='bbox 1382 2492 1479 2546; x_wconf 78' lang='lat' dir='ltr'>fuisse</span> <span class='ocrx_word' id='word_1_479' title='bbox 1496 2495 1539 2529; x_wconf 88' lang='lat' dir='ltr'>ab</span> 
     </span>
     <span class='ocr_line' id='line_1_49' title="bbox 112 2542 1577 2599; baseline 0.003 -13"><span class='ocrx_word' id='word_1_480' title='bbox 112 2552 221 2587; x_wconf 85' lang='lat' dir='ltr'>altero</span> <span class='ocrx_word' id='word_1_481' title='bbox 237 2552 452 2599; x_wconf 86' lang='lat' dir='ltr'>Ampliffimo</span> <span class='ocrx_word' id='word_1_482' title='bbox 467 2553 601 2588; x_wconf 85' lang='lat' dir='ltr'>Ordine</span> <span class='ocrx_word' id='word_1_483' title='bbox 629 2553 981 2589; x_wconf 78' lang='lat' dir='ltr'>Eminentiffimorum</span> <span class='ocrx_word' id='word_1_484' title='bbox 1006 2551 1144 2586; x_wconf 86' lang='lat' dir='ltr'>Patrum</span> <span class='ocrx_word' id='word_1_485' title='bbox 1158 2573 1168 2586; x_wconf 79' lang='lat'><strong>³</strong></span> <span class='ocrx_word' id='word_1_486' title='bbox 1191 2547 1251 2590; x_wconf 88' lang='lat' dir='ltr'>qui</span> <span class='ocrx_word' id='word_1_487' title='bbox 1273 2542 1429 2590; x_wconf 60' lang='lat' dir='ltr'>flegocm</span> <span class='ocrx_word' id='word_1_488' title='bbox 1452 2542 1538 2589; x_wconf 69' lang='lat' dir='ltr'>Epi·</span> <span class='ocrx_word' id='word_1_489' title='bbox 1575 2575 1577 2577; x_wconf 90' lang='lat'>·</span> 
     </span>
     <span class='ocr_line' id='line_1_50' title="bbox 112 2589 1538 2647; baseline -0.015 -3"><span class='ocrx_word' id='word_1_490' title='bbox 112 2596 315 2644; x_wconf 81' lang='lat' dir='ltr'>scoporum,</span> <span class='ocrx_word' id='word_1_491' title='bbox 337 2601 370 2635; x_wconf 73' lang='grc' dir='ltr'>ὅτ</span> <span class='ocrx_word' id='word_1_492' title='bbox 383 2600 612 2647; x_wconf 73' lang='lat' dir='ltr'>Regularium</span> <span class='ocrx_word' id='word_1_493' title='bbox 642 2600 810 2647; x_wconf 80' lang='lat' dir='ltr'>praepositi</span> <span class='ocrx_word' id='word_1_494' title='bbox 833 2601 911 2636; x_wconf 89' lang='lat' dir='ltr'>sunt</span> <span class='ocrx_word' id='word_1_495' title='bbox 938 2612 974 2635; x_wconf 90' lang='lat' dir='ltr'>in</span> <span class='ocrx_word' id='word_1_496' title='bbox 986 2594 1269 2645; x_wconf 85' lang='lat' dir='ltr'>Congregatione</span> <span class='ocrx_word' id='word_1_497' title='bbox 1293 2591 1410 2627; x_wconf 84' lang='lat' dir='ltr'>habita</span> <span class='ocrx_word' id='word_1_498' title='bbox 1428 2589 1485 2624; x_wconf 86' lang='lat' dir='ltr'>die</span> <span class='ocrx_word' id='word_1_499' title='bbox 1503 2603 1538 2627; x_wconf 85' lang='lat'>2.</span> 
     </span>
     <span class='ocr_line' id='line_1_51' title="bbox 116 2647 532 2696; baseline 0.002 -15"><span class='ocrx_word' id='word_1_500' title='bbox 116 2647 324 2696; x_wconf 49' lang='lat' dir='ltr'>Septembris</span> <span class='ocrx_word' id='word_1_501' title='bbox 339 2652 418 2684; x_wconf 80' lang='lat' dir='ltr'>anni</span> <span class='ocrx_word' id='word_1_502' title='bbox 435 2659 532 2694; x_wconf 88' lang='lat'>1740.</span> 
     </span>
    </p>

    <p class='ocr_par' dir='ltr' id='par_1_7' title="bbox 64 2682 1540 2743">
     <span class='ocr_line' id='line_1_52' title="bbox 64 2682 1540 2743; baseline -0.006 -16"><span class='ocrx_word' id='word_1_503' title='bbox 64 2692 116 2729; x_wconf 81' lang='lat' dir='ltr'>Eo</span> <span class='ocrx_word' id='word_1_504' title='bbox 131 2702 236 2737; x_wconf 86' lang='lat' dir='ltr'>igitur</span> <span class='ocrx_word' id='word_1_505' title='bbox 257 2695 448 2730; x_wconf 76' lang='lat' dir='ltr'>deducenda</span> <span class='ocrx_word' id='word_1_506' title='bbox 477 2695 522 2730; x_wconf 88' lang='lat' dir='ltr'>est</span> <span class='ocrx_word' id='word_1_507' title='bbox 541 2694 725 2743; x_wconf 86' lang='lat' dir='ltr'>disputatio</span> <span class='ocrx_word' id='word_1_508' title='bbox 746 2720 756 2735; x_wconf 92' lang='lat'>,</span> <span class='ocrx_word' id='word_1_509' title='bbox 786 2705 826 2732; x_wconf 86' lang='lat' dir='ltr'>ut</span> <span class='ocrx_word' id='word_1_510' title='bbox 841 2695 1073 2743; x_wconf 83' lang='lat' dir='ltr'>inquiramus,</span> <span class='ocrx_word' id='word_1_511' title='bbox 1100 2703 1144 2730; x_wconf 81' lang='lat' dir='ltr'>an</span> <span class='ocrx_word' id='word_1_512' title='bbox 1167 2701 1275 2727; x_wconf 87' lang='lat' dir='ltr'>novus</span> <span class='ocrx_word' id='word_1_513' title='bbox 1290 2684 1422 2723; x_wconf 86' lang='lat' dir='ltr'>institui</span> <span class='ocrx_word' id='word_1_514' title='bbox 1442 2682 1540 2730; x_wconf 85' lang='lat' dir='ltr'>poffit</span> 
     </span>
    </p>
   </div>
   <div class='ocr_carea' id='block_1_4' title="bbox 112 2731 1539 2817">
    <p class='ocr_par' dir='ltr' id='par_1_8' title="bbox 112 2731 1539 2817">
     <span class='ocr_line' id='line_1_53' title="bbox 112 2731 1539 2817; baseline 0.016 -70"><span class='ocrx_word' id='word_1_515' title='bbox 112 2739 256 2804; x_wconf 42' lang='lat' dir='ltr'>ssemus</span> <span class='ocrx_word' id='word_1_516' title='bbox 273 2741 366 2779; x_wconf 51' lang='lat' dir='ltr'>Ordo</span> <span class='ocrx_word' id='word_1_517' title='bbox 381 2769 394 2784; x_wconf 46' lang='grc' dir='ltr'>δ</span> <span class='ocrx_word' id='word_1_518' title='bbox 415 2743 473 2780; x_wconf 71' lang='lat' dir='ltr'>ubi</span> <span class='ocrx_word' id='word_1_519' title='bbox 503 2743 590 2781; x_wconf 61' lang='lat' dir='ltr'>alte,-</span> <span class='ocrx_word' id='word_1_520' title='bbox 604 2744 734 2784; x_wconf 69' lang='lat' dir='ltr'>dudum</span> <span class='ocrx_word' id='word_1_521' title='bbox 747 2744 958 2785; x_wconf 64' lang='lat' dir='ltr'>constitutus</span> <span class='ocrx_word' id='word_1_522' title='bbox 979 2742 1026 2781; x_wconf 84' lang='lat' dir='ltr'>est</span> <span class='ocrx_word' id='word_1_523' title='bbox 1037 2768 1048 2785; x_wconf 90' lang='lat'>‚</span> <span class='ocrx_word' id='word_1_524' title='bbox 1074 2741 1169 2789; x_wconf 87' lang='lat' dir='ltr'>quod</span> <span class='ocrx_word' id='word_1_525' title='bbox 1194 2738 1350 2785; x_wconf 81' lang='lat' dir='ltr'>equidem</span> <span class='ocrx_word' id='word_1_526' title='bbox 1371 2731 1471 2816; x_wconf 54' lang='lat' dir='ltr'>nulltai</span> <span class='ocrx_word' id='word_1_527' title='bbox 1472 2741 1539 2817; x_wconf 55' lang='grc' dir='ltr'>01·ξὲ</span> 
     </span>
    </p>
   </div>
  </div>
 </body>
</html>
