1901 2970
1498 27 1510 51 ι

49 65 152 102 seiz.
165 68 225 102 60.
240 76 317 100 nam
335 64 409 100 Dos
426 63 627 110 cappellae,
650 70 690 97 ut
717 61 816 108 supra
849 59 992 107 publico
1011 58 1235 95 Instrumento
1261 58 1443 97 constituta
1469 26 1541 98 am7-

49 113 140 160 pli'us
170 123 238 148 non
253 113 413 151 extabat,
439 111 619 157 nullosque
633 109 791 146 redditus
812 107 1022 147 sufficiebat,
1051 107 1275 160 cumkiortus
1299 133 1310 146 ,
1338 106 1539 155 Genusque,

53 173 130 207 qux
142 161 302 196 suminam
318 160 353 195 di
381 159 515 200 'Piastre
535 169 610 199 300.
636 157 908 194 constituebant,
936 155 970 190 in
997 156 1142 190 Sacrarii
1170 154 1348 191 Fabricam
1369 155 1538 193 conversa:

52 209 186 243 inerant
202 220 213 246 ;
237 207 303 241 alia
317 206 433 242 sc.ioo.
454 215 594 250 erogata
619 204 753 241 fuerant
767 204 800 238 in
817 204 994 250 Organum
1011 216 1020 236 ε
1048 202 1106 237 De
1121 201 1198 237 aliis
1215 213 1296 237 vero
1310 201 1351 237 sc.
1368 211 1436 238 200
1464 205 1539 239 nul.

54 256 87 291 la
101 255 292 291 habebatur
316 253 484 292 scientim
504 253 581 288 ideo
597 251 761 289 facultate
793 260 890 286 utens
918 261 936 284 a
964 250 1101 285 Summo
1116 248 1282 286 Pontifice
1306 250 1382 284 data
1408 250 1540 287 delevit

55 313 160 338 onera
197 302 280 336 data
316 313 335 335 a
364 300 479 348 Rigijs
517 326 526 339 ‚
567 301 601 336 8<
649 299 783 335 reduxit
821 308 929 332 annua
971 297 1063 335 sacra
1092 298 1131 331 ad
1165 297 1334 342 rationem
1369 298 1540 334 manualis

51 349 240 386 obulorum
285 359 404 393 nempe
454 359 581 383 novem
625 358 703 382 cum
744 345 884 381 dimidio
922 355 978 391 pro
1015 344 1169 390 quolibet
1215 344 1315 379 Sacro
1364 367 1375 378 .
1424 344 1539 383 δίνου,

54 399 142 433 hanc
157 396 389 431 reductionem
407 395 620 441 ignoraverit
637 421 647 434 ‚
666 393 731 429 sive
745 405 818 428 eam
833 392 973 428 sciverit
992 391 1195 429 Dominicus
1210 391 1337 438 Rigius
1351 389 1451 426 haeres
1461 391 1541 427 Cos-

55 446 102 481 mi
123 471 133 484 ,
160 442 350 479 Alexandri
365 469 374 482 ‚
399 443 430 476 &
451 442 618 483 Antonii,
645 442 733 477 nihil
759 439 916 476 adversus
933 452 1005 476 eam
1020 442 1092 485 egit
1107 465 1117 479 ‚
1146 440 1277 474 tandem
1307 438 1342 473 in
1354 436 1409 479 Jus
1431 449 1538 474 voca·

53 493 105 528 vit
122 492 240 525 Patres
266 491 472 524 contenderis
485 489 682 525 servandam
705 487 768 524 effe
784 487 954 529 Majorum
972 487 1105 523 suorum
1121 486 1334 523 voluntatem
1351 509 1360 522 ‚
1385 485 1417 520 &
1444 487 1538 531 pacta

53 547 223 575 conventa
246 536 390 584 publico
403 563 412 576 ,
437 536 642 582 solemnique
661 536 886 572 Instrumenio
899 560 908 573 ‚
934 536 1054 583 quibus
1069 535 1186 570 Patres
1200 531 1538 584 pecuniamqaccepe-

54 595 157 624 runt;
183 584 432 620 Redut‘jtionem
462 583 592 619 nullam
610 583 674 618 esse
695 583 728 618 in
751 582 930 628 conspectu
957 581 1037 618 fidei
1062 584 1278 617 contractus.
1299 579 1446 629 Auditus
1469 581 1537 617 fuit

55 632 242 679 Episcopus
257 658 265 669 κ
295 633 354 677 qui
380 631 564 667 secundum
579 631 692 665 Patres
708 629 901 674 rel‘pondi15
928 640 946 665 a
969 628 1165 665 Dominico
1188 627 1334 664 nondum
1349 626 1537 664 libellum-1

51 681 188 722 Jurium
211 679 393 715 habuimus
414 703 424 713 .
447 679 602 714 Pertinet
623 678 663 712 ad
677 675 980 724 Jurii'prudentiam
999 674 1340 714 Eminentiffimorum
1364 672 1537 720 l'atrum„

56 727 197 762 definire
221 754 230 763 .

11 782 68 812 Aa
86 776 245 821 Reduilio
261 798 272 814 ,
299 775 338 809 de
354 784 420 820 qua
436 777 557 820 agitur
568 801 579 816 ,
601 771 833 818 substineatur
846 773 881 807 in
897 771 974 817 casu
989 776 1065 810 &c-

181 883 370 937 Dilata
408 884 474 935 ad
499 883 804 952 sequentem
827 922 838 936 .

9 1013 93 1100 R
112 1013 302 1050 OMANA
329 1012 667 1051 SUBSIDIORUM
696 1011 990 1049 DOTALIUM:
1014 1012 1243 1050 Liberalitate
1258 1013 1356 1049 Pauli
1372 1012 1536 1059 Paganiiii
1575 1008 1651 1056 Seffi
1665 1009 1807 1054 23.c.6'·

122 1062 247 1097 collata
261 1062 398 1098 suerunt
415 1062 447 1096 in
465 1063 896 1098 Archiconfiaternitatcin
913 1060 1122 1097 Sandiiiimae
1141 1061 1536 1098 Annunciati'onisUrbis
1573 1059 1612 1093 de
1626 1058 1695 1105 Res·

53 1119 145 1144 anno
165 1116 262 1146 1620.
283 1110 375 1144 scuta
394 1109 536 1155 triginta
554 1111 664 1145 millia
683 1110 715 1143 in
736 1108 832 1143 Locis
847 1107 1022 1143 Montium
1038 1135 1047 1148 ,
1074 1120 1113 1142 ea
1145 1109 1221 1157 lege
1246 1109 1376 1150 adiecta
1392 1134 1403 1148 ‚
1429 1118 1468 1143 ut
1492 1122 1536 1144 ex

53 1154 223 1192 {ructibus
239 1156 522 1192 distribuerentur
535 1168 717 1204 quotannis
742 1154 882 1190 subsidia
900 1155 1042 1191 Dotaiia
1061 1156 1106 1190 sc·
1119 1167 1177 1191 too
1204 1168 1263 1202 pro
1277 1156 1432 1201 quolibet
1446 1167 1537 1202 pau-

57 1203 197 1250 peribus
214 1204 421 1250 Virginibus
437 1233 444 1240 .
473 1219 544 1252 qux
562 1203 777 1240 Monaileriis
795 1213 916 1237 nornen
929 1204 1006 1238 dare
1022 1203 1151 1240 vellent
1168 1230 1177 1243 ,
1195 1206 1226 1238 ἃ
1240 1204 1261 1237 si
1274 1205 1323 1239 hie
1337 1202 1537 1243 deficerent,

55 1251 104 1292 ijs
131 1251 277 1295 prestari
302 1251 439 1287 subsidia
471 1253 658 1290 deberent,
683 1263 755 1297 qux.
784 1249 913 1284 nubere
926 1251 1058 1286 vellent
1082 1278 1088 1284 .
1117 1250 1325 1287 Declaravit
1345 1250 1420 1285 inde
1446 1250 1537 1287 idem

56 1298 183 1334 Paulus
197 1298 362 1344 Paganini
392 1306 609 1340 voluntatem
634 1299 723 1334 suain
749 1296 869 1331 melius
893 1298 964 1333 aiio
983 1296 1203 1333 instrumento
1230 1301 1301 1333 ailo
1315 1310 1404 1333 anno
1420 1301 1537 1338 1623„

55 1345 237 1392 voluitque
253 1371 263 1384 ,
291 1355 328 1381 ut
353 1346 404 1388 jus
429 1347 629 1393 nominandi
646 1346 778 1381 Puillas
803 1343 961 1389 spec'taret
988 1356 1054 1390 pro
1068 1355 1166 1390 parte
1181 1346 1321 1387 dimidia
1344 1346 1383 1380 ad
1401 1345 1538 1381 Sodales

52 1392 465 1430 Archiconfraternitatis
479 1422 487 1435 ,
504 1407 564 1441 pro
577 1395 645 1429 alia
659 1392 796 1428 dimidia
812 1401 906 1440 parte
921 1395 959 1427 ad
975 1391 1214 1432 magdalenam
1228 1392 1431 1437 Proneptem
1444 1391 1536 1426 suam

55 1449 201 1486 nuptam
224 1439 409 1477 sheodofio
424 1442 546 1478 Rubeo
560 1470 569 1483 ,
596 1451 775 1486 eorumque
802 1438 890 1473 filios
911 1462 921 1476 ‚
945 1440 1092 1473 hssredes
1107 1465 1116 1478 ,
1141 1440 1172 1474 ὃ(
1194 1439 1388 1474 successores
1406 1440 1440 1473 in
1458 1438 1540 1473 infi-

55 1487 190 1522 nitum:
218 1493 302 1525 Item
320 1515 330 1528 ‚
355 1490 412 1525 che
431 1492 465 1525 [λ
484 1493 625 1538 Signora
643 1487 844 1522 iilud-llum
859 1511 868 1525 ,
895 1486 999 1521 verba
1016 1485 1091 1521 sunt
1122 1487 1377 1522 Instrumentam
1395 1512 1418 1526 ,‚
1444 1485 1538 1523 sum.-

10 1557 35 1574 ,‚
60 1532 244 1581 Pronipote
260 1562 269 1574 ‚
296 1535 406 1571 Molie
419 1536 601 1584 delSignor
621 1533 813 1569 Theodosio
834 1534 872 1567 de
889 1531 979 1567 Risii
996 1560 1005 1573 ,
1030 1533 1073 1568 ed
1095 1535 1121 1569 il
1144 1536 1174 1569 d.
1194 1535 1317 1581 Signor
1347 1532 1512 1568 reodosio
1527 1559 1538 1572 ,

12 1604 36 1621 2,
64 1591 197 1616 mentre
222 1582 363 1624 viverit,
384 1594 402 1617 e
423 1585 511 1627 dopo
538 1586 569 1619 la
583 1592 691 1618 morte
706 1581 738 1616 di
760 1583 813 1615 eiii
831 1579 854 1612 li
873 1587 948 1616 ioro
963 1580 1127 1626 figlivoli
1143 1608 1152 1621 ‚
1181 1581 1278 1617 Eredi
1307 1596 1324 1619 e
1351 1579 1539 1616 Successori

7 1653 34 1670 ,‚
61 1638 158 1664 tanto
183 1629 305 1665 masc}.i
322 1656 332 1670 ‚
358 1642 451 1666 come
476 1630 602 1667 femine
628 1642 662 1664 m
688 1627 823 1665 infinito
842 1627 966 1671 poiiino
986 1630 1158 1665 nominare
1179 1635 1349 1676 ogn’anno
1384 1629 1416 1663 la
1447 1628 1536 1662 meta

11 1701 34 1716 2,
61 1676 151 1758 del?
187 1677 314 1712 Zitelle
351 1689 410 1725 per
446 1677 630 1714 monacarfi
661 1703 672 1720 ,
709 1688 730 1711 o
768 1676 933 1711 maritarsi
959 1686 1022 1711 con
1060 1675 1137 1712 dote
1167 1677 1201 1713 di
1233 1687 1335 1712 cento
1359 1674 1450 1710 scudi
1479 1685 1537 1721 per

11 1749 36 1763 ,‚
61 1724 112 1758 cia
132 1725 284 1759 cheduna
305 1750 315 1760 .

9 1770 135 1807 Paulus
161 1772 304 1808 Rubeus
319 1773 530 1822 Magdalenae
545 1801 554 1815 ,
578 1775 608 1809 δι
637 1772 825 1809 Theodosii
845 1770 953 1808 Filius
972 1770 1169 1808 Advocatus
1196 1782 1264 1807 non
1292 1770 1448 1817 ignobilis
1465 1794 1476 1809 ,
1501 1770 1534 1805 ὅ(

56 1818 161 1854 editis
187 1820 340 1867 agregiis
356 1823 484 1870 ingenii
499 1821 706 1858 facinoribus
722 1847 731 1860 ‚
756 1822 878 1866 quibus
895 1821 1128 1865 Recentiurum
1143 1819 1350 1858 Decilionum
1380 1819 1537 1863 Spartam

58 1867 222 1906 ornavit,
247 1868 389 1904 illustris
403 1897 412 1909 ‚
435 1881 514 1906 cim
528 1873 636 1914 plures
660 1870 782 1904 liberos
799 1867 974 1904 sustuliiset
987 1892 998 1906 ,
1029 1877 1091 1901 nec
1109 1866 1190 1901 satis
1213 1865 1356 1901 haberet
1375 1868 1536 1912 pecunia-

57 1910 133 1948 rum
155 1917 193 1950 ad
217 1915 333 1950 dotem
356 1916 491 1952 filiabus
513 1917 728 1963 praestandam
743 1941 753 1954 ,
779 1914 961 1962 postulavit
976 1939 985 1951 ‚
1015 1914 1046 1948 ot
1060 1914 1215 1949 obtinuit
1230 1926 1248 1947 a
1263 1915 1401 1949 Summo
1416 1911 1537 1947 Ponti-

58 1959 121 1995 fice
135 1961 317 1997 Clemente
337 1963 400 2000 lX.
421 1976 511 2000 anno
526 1971 622 2012 1669.
637 1990 648 2003 ,
674 1973 711 1998 ut
725 1974 766 1998 ex
781 1961 919 1997 dimidia
941 1971 1035 2008 parte
1051 1960 1223 1996 fructuum
1238 1962 1402 1997 Locorum
1429 1958 1538 1996 Mon·

58 2007 147 2042 ¹ium
162 2036 171 2048 ‚
192 2011 250 2056 qui
270 2010 426 2047 destinati
459 2013 594 2047 fuerant
617 2024 636 2045 a
660 2011 763 2046 paulo
786 2009 950 2056 Paganini
968 2010 1003 2043 iri
1027 2008 1166 2043 subsidia
1186 2008 1314 2044 dotalia
1324 2016 1507 2052 pauperum
1522 2033 1534 2048 ‚

59 2055 276 2097 Puellarum,
302 2059 563 2096 constitueretur
586 2058 721 2104 singulis
737 2059 889 2093 Filiabus
914 2056 1083 2092 Advocati
1107 2058 1176 2091 Dos
1190 2057 1362 2092 scutorum
1386 2054 1439 2089 bis
1454 2053 1535 2091 mil-

60 2102 93 2137 le
108 2128 118 2142 2
142 2116 217 2151 quae
245 2105 322 2141 inde
347 2118 364 2140 a
378 2106 558 2142 Clemente
578 2105 624 2140 X.
641 2105 809 2141 t'ontifice
825 2104 978 2139 Maximo
990 2106 1085 2139 aucta
1100 2103 1165 2138 fuit
1185 2103 1228 2139 ad
1241 2104 1438 2144 scut.4000.
1465 2101 1533 2138 ind

58 2150 207 2197 singulas
229 2152 378 2195 ejusdem
391 2154 489 2190 Pauli
508 2155 619 2189 filias.
649 2154 753 2188 Patris
780 2162 893 2187 autem
918 2158 1112 2197 exemplum
1132 2150 1292 2197 sequutus
1308 2151 1429 2186 Petrus
1456 2147 1531 2184 Ru-

59 2198 142 2233 beus
159 2198 252 2235 Pauli
268 2200 357 2235 filius
379 2202 535 2236 obtinuit
557 2201 602 2237 ab
619 2201 818 2236 Alexandro
832 2199 928 2234 Vlll.
945 2199 1047 2234 Pont.
1063 2199 1156 2234 Max.
1185 2209 1275 2235 anno
1297 2203 1396 2240 ¹69¹·
1414 2206 1530 2242 parem

61 2246 320 2291 assignationem
347 2248 389 2283 se.
402 2259 436 2284 2.
452 2249 528 2284 mil.
545 2261 586 2283 ex
601 2248 762 2283 fructibus
784 2247 977 2283 eorumdem
993 2245 1166 2282 Locorum
1179 2245 1352 2281 Montium
1363 2256 1430 2291 pro
1443 2242 1527 2278 dote

59 2293 243 2333 cujuslibet
261 2306 303 2330 ex
330 2295 394 2330 suis
408 2295 543 2332 filiabus
561 2323 571 2336 ,
597 2307 737 2342 quarum
750 2305 813 2330 tres
826 2319 835 2333 ,
858 2304 937 2328 euin
950 2294 1062 2329 necin
1079 2293 1230 2329 Domino
1244 2318 1254 2333 ,
1275 2292 1390 2329 necin
1408 2290 1528 2341 saeculo

61 2339 228 2376 nuberent
244 2368 254 2380 ,
279 2343 506 2378 obtinuerunt
521 2355 538 2378 a
551 2344 686 2378 Summo
697 2341 869 2378 Pontifice
883 2341 1066 2376 Clemente
1081 2338 1146 2375 xl.
1162 2352 1254 2375 anno
1278 2342 1375 2381 1708.
1401 2346 1439 2373 ut
1465 2337 1527 2372 ali—

62 2396 252 2424 mentorum
273 2389 381 2424 titulo
398 2390 528 2425 eosdem
543 2389 666 2425 fruous
684 2390 857 2425 Locorum
880 2389 1054 2424 Montium
1085 2388 1257 2434 percipere
1276 2385 1408 2432 poss'ent
1422 2392 1434 2420 .“
1457 2384 1526 2419 Pa-

65 2444 137 2468 rem
150 2446 282 2482 quoque
312 2437 456 2482 gratiam
471 2439 695 2473 obtinuerunt
709 2448 798 2472 anno
818 2446 911 2480 1713.
925 2437 969 2470 ab
982 2438 1100 2471 eodem
1115 2436 1252 2471 Summo
1266 2431 1430 2469 Pontifice
1442 2430 1529 2483 ¹Cle-

64 2490 180 2514 mente
196 2482 249 2517 XI
273 2484 394 2530 Joleph
410 2511 419 2524 ‚
444 2487 475 2520 &
494 2484 676 2532 Philippus
698 2483 762 2518 filii
776 2484 900 2529 pariter
915 2483 1012 2518 Pauli
1026 2482 1141 2518 Rubei
1156 2508 1167 2522 ,
1188 2481 1305 2529 joseph
1327 2492 1389 2527 pro
1402 2481 1527 2520 tribus,

65 2526 240 2574 Philippus
256 2543 319 2577 pro
340 2532 486 2578 quieque
508 2533 663 2573 filiabus,
683 2542 826 2578 quarum
844 2529 981 2575 singulis
994 2530 1175 2565 constituta
1190 2528 1255 2564 fuit
1280 2530 1340 2565 dos
1362 2528 1406 2562 sc.
1429 2537 1528 2578 iooo.

65 2586 142 2620 quae
159 2586 234 2611 cum
253 2579 332 2615 satis
345 2578 408 2613 effe
433 2579 537 2624 posset
560 2579 603 2616 iis
616 2607 626 2620 ‚
646 2592 723 2626 quae
737 2577 943 2613 Monasterio
967 2588 1087 2612 nomen
1112 2578 1187 2611 dare
1209 2576 1396 2616 volebant,
1419 2582 1532 2608 tenuis

65 2632 147 2656 vero
171 2623 251 2659 effen
276 2637 335 2670 pro
351 2628 479 2672 nuptiis
494 2654 503 2667 ‚
530 2627 604 2662 ideo
615 2627 753 2662 Cecilia
769 2638 834 2661 una
848 2637 891 2661 ex
916 2624 1070 2660 Filiabus
1093 2623 1276 2670 Philippi3
1301 2634 1373 2670 quae
1396 2633 1444 2662 nu,
1471 2621 1533 2655 tias

57 2671 266 2706 contrahere
277 2674 400 2713 voluit,
412 2674 613 2722 impeti-avii
625 2687 716 2712 anno
736 2684 833 2718 1722.
848 2673 894 2709 ab
909 2672 1050 2720 Optimo
1063 2671 1422 2719 Principelnnocemio
1473 2667 1535 2703 111-

64 2726 104 2752 ut
117 2719 173 2754 dos
188 2729 368 2766 augeretur
393 2747 404 2758 ,
1411 2717 1492 2752 Hoc
