1883 2907
345 144 536 218 *Agvzentus
556 180 705 217 Romam
721 180 898 218 Sacerdos
913 176 1075 214 Bellczza
1093 190 1217 226 preces
1232 179 1368 217 obtulit
1385 179 1670 220 Eminentisfimis
1688 183 1804 220 Patri-

389 232 451 265 bus
467 256 477 272 ,
507 230 643 276 quibus
661 230 895 279 postulabat,
926 240 965 265 ut
990 229 1066 266 afta
1085 233 1266 267 examinis
1297 244 1375 280 quae
1393 243 1650 281 pervenerant,
1682 238 1805 273 remit-

387 290 548 317 terentur
568 283 613 319 ad
629 285 892 320 examinatores
912 280 1025 317 Urbis
1044 308 1054 324 ‚
1073 285 1132 329 qui
1153 283 1411 329 cognoscerent
1427 312 1437 329 ‚
1454 295 1494 319 an
1506 283 1599 332 juste
1612 287 1814 336 reprobari·

383 332 552 378 potuissct
577 361 588 377 ,
607 335 640 370 8(
660 336 830 381 petitioni
848 335 931 370 huic
949 343 1139 369 annuentes
1152 335 1366 382 Amplillimi
1384 335 1507 371 Patres
1525 335 1775 387 rescripserunt
1791 368 1801 378 .

385 408 410 424 ,,
443 382 730 421 Eminentiffimo
749 387 865 423 Urbis
885 383 1040 420 Vicario
1059 411 1069 426 ,
1100 387 1163 433 qui
1193 387 1329 423 auditis
1356 388 1659 427 examinatoribus
1688 391 1804 428 Urbis

381 458 408 477 ‚‚
437 435 610 480 dignetur
641 448 712 471 rem
746 436 964 484 perpendere
980 460 991 475 ‚
1023 436 1058 470 &
1088 448 1213 472 votum
1247 438 1343 472 suum
1357 441 1498 484 aperire
1515 467 1541 482 ‚.
1559 468 1569 477 .
1599 440 1657 476 Re
1687 441 1804 489 igitur

381 485 426 520 ab
444 488 761 524 examinatoribus
778 488 893 528 Urbis
911 484 1094 532 perspeeta
1109 514 1119 530 ‚
1152 488 1361 525 censuerunt
1386 488 1474 534 juste
1490 492 1722 539 reprobatum
1739 492 1806 530 Sa-

380 535 567 573 cerdotem
587 537 761 582 ciconii,
803 543 924 588 inique
952 548 1037 573 vero
1058 539 1288 576 Sacerdotem
1323 541 1492 577 Bellezza
1509 570 1520 585 ‚
1550 544 1805 593 responditque

384 587 686 624 Eminentissimus
718 591 835 629 Urbis
856 588 1034 626 vicarius
1066 591 1188 631 literas
1206 589 1435 640 Apostolicas
1462 594 1615 640 ejusdem
1631 596 1810 634 Sacerdo-

384 641 428 673 tis
451 639 617 676 Bellezza
634 647 867 689 exequendas
881 643 947 679 effe
964 653 976 683 ς
999 640 1175 686 jusserunt
1192 643 1314 691 itaque
1335 643 1550 690 Ampliffimi
1569 647 1690 684 Patres
1705 676 1717 692 ,
1749 646 1808 684 uti

383 690 418 723 in
435 688 540 726 Folio
561 692 684 728 Causa
703 695 966 733 describeretur
983 693 1098 730 citato
1115 696 1267 731 Cicoria
1287 721 1294 730 .
1315 694 1414 732 Dum
1431 695 1505 736 jura
1522 699 1693 746 utrinque
1706 710 1809 746 para-

387 741 515 777 bantur
531 770 541 785 ,
576 744 754 784 Sacerdos
777 747 994 786 Viaorinus
1012 745 1143 783 Villari
1172 746 1276 781 novis
1292 745 1314 781 ‘l
1329 744 1614 785 estimonialibus
1631 750 1744 786 literis
1758 749 1806 787 ab

382 790 572 840 Episcopo
589 794 742 847 habitis,
762 796 1176 846 Archipresbytcratum
1191 797 1353 833 obtinuit
1366 810 1385 833 a
1403 796 1554 837 Dataria
1571 800 1710 838 silentio
1724 813 1810 850 prx-

381 843 489 878 terita
507 845 573 883 lite
587 876 595 888 ,
624 859 704 895 quae
745 851 778 887 in
810 853 879 887 hoc
909 849 1022 886 sacro
1051 848 1243 885 Tribunali
1272 848 1450 896 pendebat
1466 878 1475 887 .
1508 850 1804 890 protestationem

376 893 487 928 emifit
528 897 704 936 Sacerdos
752 903 915 940 Bellezza
935 927 946 942 ,
987 899 1044 935 sed
1075 899 1276 947 Episcopus
1306 912 1347 936 ea
1378 898 1497 948 spreta
1524 930 1536 946 ,
1564 903 1803 953 despefkaque

379 943 566 986 Maiestate
581 949 684 985 Sacri
702 953 810 997 hujus
826 950 1036 990 Tribcnalis
1052 978 1063 994 ‚
1088 951 1318 988 Sacerdotem
1341 951 1474 989 Villari
1493 954 1527 989 in
1560 954 1799 1005 possessionem

376 995 774 1050 Archipresbyteratus
802 1003 968 1043 immisit,
999 1003 1152 1052 ideoque
1179 1001 1353 1039 Sacerdos
1385 1003 1576 1048 Bellezza‚
1607 1007 1643 1042 &
1673 1018 1710 1042 re
1734 1006 1794 1044 sua

380 1049 514 1086 censuit
529 1053 903 1103 circumscriptionem
921 1053 1137 1101 possessionis
1167 1052 1347 1101 postulare
1374 1066 1394 1089 a
1411 1053 1462 1093 R.
1482 1056 1522 1094 P.
1544 1056 1595 1094 D.
1616 1057 1791 1102 Datario,

377 1101 439 1147 qui
462 1101 738 1146 postulationem
756 1109 846 1144 hanc
861 1104 1147 1152 cognoscendam
1175 1105 1308 1141 remisit
1333 1105 1378 1141 ad
1396 1105 1484 1143 hanc
1511 1107 1659 1144 Sacram
1691 1109 1793 1146 Con-

373 1149 624 1201 gregationem
643 1183 654 1198 ‚
684 1159 718 1193 8<
737 1159 882 1196 decreto
897 1155 1191 1194 Reverendiffimi
1221 1156 1261 1193 P.
1279 1157 1329 1195 D.
1344 1157 1539 1195 secretarii
1571 1160 1702 1197 vitiosa
1724 1161 1789 1196 illa

373 1213 483 1250 atque
503 1214 679 1243 attentata
708 1210 866 1253 poffeffio
895 1208 1167 1255 circumscripta
1185 1206 1280 1244 fuit.
1314 1208 1540 1255 Proponitur
1568 1222 1662 1246 nunc
1688 1210 1795 1248 causa

375 1255 664 1294 Eminentiffimis
681 1260 848 1296 Patribus
863 1289 872 1303 ‚
896 1271 935 1297 ut
949 1259 1139 1294 deliniatur
1155 1284 1165 1300 ‚
1181 1264 1285 1305 cujus
1300 1272 1379 1296 nam
1401 1259 1512 1297 literae
1528 1261 1594 1297 sint
1609 1273 1796 1311 exequen-

374 1305 446 1341 dae:
475 1306 608 1355 Neque
624 1322 643 1345 a
657 1312 820 1356 villari,
840 1324 953 1361 neque
965 1311 1166 1348 aCiccoria
1182 1313 1376 1360 quicquam
1398 1310 1570 1350 haetenus
1588 1312 1790 1352 habuimus:

375 1358 537 1394 Dubium
563 1371 650 1397 vero
667 1362 717 1398 est
729 1393 738 1402 .

323 1405 389 1447 An
403 1435 417 1456 ‚
435 1407 474 1448 ἐς
488 1420 562 1457 quae
581 1414 733 1451 Litterae
747 1414 1043 1464 Apostolicaefint
1062 1416 1293 1462 exequendae‚
1321 1415 1361 1458 ἐς
1388 1417 1445 1452 cui
1461 1415 1557 1464 stmt
1587 1417 1788 1464 reficiondae

424 1463 584 1511 expensa
601 1490 612 1507 ‚
640 1464 679 1505 ἐς
694 1467 820 1503 damna
838 1470 878 1503 in
895 1467 976 1513 casu
988 1467 1056 1508 &a

424 1565 486 1604 Ad
503 1567 656 1614 primum
673 1595 683 1611 ‚
715 1568 955 1619 Exequendas
980 1568 1046 1606 effe
1073 1569 1194 1604 literas
1212 1567 1445 1615 Apostolicas
1468 1569 1593 1607 favore
1618 1570 1782 1617 Januarii

327 1617 492 1654 Bellezza
507 1646 515 1655 .
534 1618 590 1654 Ad
606 1618 810 1666 secundum,
824 1621 1028 1672 Expensas‚
1046 1621 1080 1656 &
1097 1620 1226 1657 damna
1240 1620 1432 1658 reficienda
1447 1620 1513 1658 effe
1528 1622 1572 1658 ab
1589 1621 1789 1671 Episcopo.

83 1760 282 1829 d..s,‡f⁸⁶'3⁰·5'
438 1773 693 1815 RlMlNEN.
711 1778 810 1815 SEU
826 1779 920 1817 FER
932 1780 1152 1819 ETRANA
1170 1778 1593 1819 ORDINATIONIS:
1625 1778 1685 1815 Ad
1702 1777 1786 1814 Ma-

106 1820 114 1826 '
153 1820 185 1837 s'
447 1825 544 1870 jorcs
559 1827 717 1864 Ordines
735 1829 919 1867 ascendere
935 1834 1083 1879 cupiens
1105 1832 1274 1867 Clericus
1291 1830 1414 1866 Petrus
1430 1832 1546 1869 Guidi
1567 1833 1722 1866 incertus
1739 1827 1789 1864 est

340 1899 344 1901 ,
378 1876 480 1922 cujus
497 1876 665 1925 Episcopi
682 1879 902 1919 auctoritate
916 1910 926 1925 ‚
963 1883 1146 1919 Feretrani
1161 1909 1170 1924 ‚
1206 1883 1260 1918 vel
1278 1882 1508 1919 Ariminenfis
1541 1882 1616 1918 fieri
1633 1881 1761 1917 debeat
1775 1891 1788 1915 :

376 1925 449 1972 ipse
469 1930 633 1966 neutrius
653 1930 822 1980 Episcopi
840 1935 1054 1980 dignitatem
1073 1961 1082 1975 ,
1113 1935 1147 1969 ἃ
1165 1934 1243 1980 jura
1261 1933 1386 1968 laedere
1417 1936 1542 1970 volens
1571 1932 1614 1968 ad
1629 1932 1698 1969 hoc
1721 1931 1790 1969 Sa-

376 1987 474 2013 crum
492 1978 670 2018 Tribrnal
693 1985 861 2029 confugit
877 2013 887 2028 ‚
918 1985 1045 2020 oblato
1065 1985 1193 2020 libello
1209 2011 1220 2026 ,
1252 1996 1325 2032 quo
1343 1996 1378 2018 re
1391 1984 1590 2030 diligenter
1616 1992 1757 2019 narrata
1771 2006 1784 2023 ‚

368 2027 611 2066 definitionem
652 2031 854 2081 quaestionis
898 2037 988 2071 inter
1032 2034 1234 2082 Episcopos
1276 2045 1408 2070 exortae
1452 2034 1657 2081 postulabat
1694 2061 1705 2077 ,
1736 2045 1789 2070 ra·

371 2080 490 2115 tiones
520 2094 727 2129 proponens
743 2112 753 2127 ‚
787 2087 918 2133 quibus
945 2096 1155 2124 moveretur
1176 2087 1221 2123 ad
1247 2088 1280 2123 se
1297 2083 1552 2132 subjiciendum
1570 2083 1786 2122 Ariminensi

373 2133 514 2176 potius,
542 2146 649 2181 quarn
672 2134 866 2172 Feretrano
887 2137 1070 2185 Episcopo
1088 2166 1096 2174 .
1127 2140 1257 2175 Auditi
1288 2138 1404 2184 igitur
1437 2136 1581 2174 fuerunt
1598 2138 1756 2185 utrique
1775 2162 1787 2173 .

371 2180 603 2220 Ariminenfis
617 2186 793 2232 judicium
811 2188 1171 2226 Eminentiffimorum
1190 2191 1332 2228 Patrum
1360 2187 1530 2237 expectat
1547 2201 1557 2224 ε
1576 2187 1786 2225 Feretranus

372 2231 431 2277 JUS
461 2232 522 2267 fibi
537 2236 676 2272 asserit:
707 2238 875 2276 Clericus
891 2252 979 2275 vero
992 2240 1112 2277 Guidi
1127 2241 1330 2278 rationibus
1347 2240 1419 2276 late
1435 2241 1468 2273 in
1486 2238 1550 2274 suo
1562 2239 1690 2274 libello
1701 2250 1785 2285 pro·-

382 2282 508 2327 positis
525 2311 536 2326 ‚
555 2287 1019 2335 disputatjurisdiftionem
1037 2291 1101 2327 effe
1116 2305 1186 2328 non
1205 2292 1388 2328 Faretrani
1401 2290 1574 2338 Episcopi
1593 2317 1603 2334 ,
1629 2289 1685 2325 sed
1700 2289 1789 2325 Ari-

377 2335 538 2371 minenfis
557 2365 565 2373 .
597 2340 692 2374 Cum
709 2349 751 2372 ex
768 2340 866 2376 fatto
882 2344 946 2390 Jus
977 2343 1127 2387 veniat,
1155 2343 1289 2379 fac'tum
1318 2343 1443 2388 paucis
1470 2341 1681 2377 narrandum
1708 2338 1758 2374 est
1773 2365 1784 2377 .

373 2385 510 2421 Clerici
542 2388 648 2425 Pater
679 2400 770 2423 anno
801 2402 907 2437 1712.
937 2395 1183 2439 emancipatus
1198 2421 1210 2436 ‚
1236 2392 1410 2429 &Patria
1435 2391 1616 2440 potestate
1644 2391 1784 2427 solutus

372 2434 614 2474 Turricellam
635 2440 789 2476 Patriam
806 2443 901 2478 suam
918 2470 927 2485 ‚
959 2455 1038 2489 quae
1065 2445 1161 2482 intra
1187 2445 1273 2480 fines
1304 2441 1352 2478 est
1368 2443 1564 2479 Feretranoe
1579 2441 1751 2479 Dioecefis
1773 2468 1787 2486 ,

374 2486 526 2523 deseruit
545 2517 556 2532 ,
573 2502 725 2526 uxorem
741 2492 844 2529 duxit
860 2521 870 2537 ‚
901 2494 1131 2531 substantiam
1150 2522 1162 2538 ,
1190 2495 1372 2541 Laresque
1385 2494 1465 2529 suos
1480 2493 1561 2529 fixit
1575 2495 1608 2529 in
1623 2493 1756 2530 Castro
1771 2520 1786 2538 ‚

372 2535 428 2571 seu
460 2539 576 2575 Podio
592 2542 847 2589 Hybernorum
874 2546 908 2581 in
927 2544 1083 2581 Dioecesi
1110 2544 1320 2583 Ariminensi
1337 2572 1348 2588 ,
1370 2547 1460 2581 aedes
1478 2546 1691 2592 ampliavit,
1728 2555 1788 2582 re-

373 2584 565 2635 stituitque
580 2619 590 2634 ‚
623 2593 849 2638 locationes,
872 2595 1128 2633 condustiones
1144 2625 1155 2640 ‚
1172 2597 1443 2645 emptionesque
1468 2598 1651 2633 contraxit
1665 2625 1676 2641 ‚
1695 2607 1789 2632 one·-

371 2649 409 2671 ra
430 2640 538 2675 realia
557 2668 567 2683 ‚
601 2642 634 2678 8:
660 2646 863 2690 personalia
879 2648 1069 2695 pensitavit
1084 2675 1095 2691 ,
1127 2650 1162 2685 &
1183 2651 1218 2685 in
1235 2648 1319 2684 albo
1336 2649 1586 2686 Decurionum
1605 2648 1710 2685 Podii
1726 2647 1790 2683 de*

371 2687 529 2736 scriptus
554 2691 650 2728 fuit:
677 2696 819 2734 Contra
838 2711 924 2735 vero
946 2699 1187 2737 Turricellarn
1207 2699 1363 2737 Patriam
1391 2711 1433 2736 ne
1464 2700 1610 2747 alonge
1638 2698 1785 2782 quidersxkt

1700 2761 1747 2798 po
