1946 2961
383 116 620 185 &ficationem
634 147 703 193 egit
720 175 728 187 ,
753 143 1000 194 perspectisque
1019 143 1218 180 testamento
1233 143 1429 187 Severolii‚
1452 145 1623 193 variisque
1652 145 1785 182 auibus
1812 158 1867 184 a.»

385 193 554 233 Merlinio
568 193 667 237 gestis
682 220 692 233 ‚
716 193 869 230 decrevit
885 192 1117 237 Cappellanos
1134 193 1237 227 teneri
1262 192 1301 227 ad
1318 194 1444 239 agenda
1457 192 1548 228 sacra
1577 195 1700 242 viginti
1732 194 1866 236 juxta...

384 243 642 279 instrumentum
660 242 762 276 illud.
792 252 861 285 quo
879 252 918 276 ea
933 239 1115 277 Merlinius
1130 266 1138 279 ,
1167 240 1248 275 dum
1262 240 1373 280 vixit,
1398 242 1440 275 ab
1458 241 1524 275 hoc
1545 243 1682 276 decreto
1695 241 1864 288 appella-

384 302 422 326 re
436 316 445 329 ‚
461 286 568 322 sedeo
582 287 759 329 defuncto,
781 289 863 324 adiit
891 290 979 324 hunc
1008 286 1257 332 Ampiiffimum
1271 287 1438 323 Ordinem
1467 285 1558 323 filius
1575 315 1585 328 ‚
1609 289 1858 334 postulatque..-

383 347 473 372 nunc
489 333 576 370 sacra
588 335 632 370 ad
647 335 813 373 senarium
830 345 865 370 ut
887 338 921 371 in
941 336 1008 382 ipsi
1023 335 1155 381 origine
1173 334 1396 370 constitutum
1423 334 1532 371 fuerat
1548 361 1558 374 ‚
1571 347 1752 371 numerum
1768 337 1865 372 redi-

384 384 418 431 gi
435 398 443 417 :
470 391 570 427 negat
587 383 730 427 potuisse
744 387 877 420 Patrem
893 384 1065 419 sacrorum
1080 393 1262 418 numerum
1284 392 1417 418 mutare
1435 410 1444 423 ,
1475 392 1576 429 atque
1591 395 1717 430 augere
1734 410 1745 423 ,
1772 384 1864 430 post-

382 442 481 478 quam
499 429 596 464 illum
610 430 710 466 seint-l
727 431 951 467 constituerat
971 456 980 468 ‚
1013 430 1045 462 δι
1070 427 1296 468 definiverat,
1326 430 1357 463 ὅ(
1383 430 1553 470 arbitrio,
1579 442 1683 478 atque
1709 431 1864 466 auctori-

384 489 454 513 tate
471 477 502 512 ei
517 488 534 510 a
562 476 728 512 sestatore
743 480 821 513 dita
835 476 911 512 usus
925 477 1044 512 fuerat:
1072 475 1102 510 id
1116 474 1215 522 egisse
1231 485 1362 519 patrem
1387 489 1429 513 ex
1453 489 1569 513 errore
1585 505 1594 518 ,
1626 489 1727 526 quem
1751 478 1860 513 imbi-

385 527 477 561 berat
493 551 502 564 ‚
528 535 585 566 ut,
613 525 717 561 auctis
733 524 893 560 fructibus
909 551 918 563 ,
943 535 1028 559 onus
1052 533 1185 569 quoque
1201 523 1363 558 sacrorum
1376 525 1493 570 augeri
1507 526 1641 560 deberet
1666 540 1674 559 :
1700 526 1864 560 nullam...

381 574 525 619 denique
540 571 700 616 Episcopo
716 571 908 607 facultatem
927 570 1019 606 fuisse
1034 571 1097 605 hac
1117 570 1161 605 de
1181 582 1216 605 re
1238 570 1445 606 decernendi
1469 598 1479 611 ,
1508 582 1585 608 cum
1613 571 1761 619 expresse
1789 572 1867 608 Te-

381 620 484 654 ssator
499 617 632 660 justitiet
652 629 788 655 manum
801 619 922 664 apponi
937 630 1004 654 non
1019 616 1107 665 posse
1120 617 1163 652 ab
1179 618 1344 665 Episcopo
1358 644 1367 658 ,
1392 619 1483 664 quod
1510 630 1530 654 a
1551 619 1783 655 Testatoribus
1808 623 1864 655 in-

384 668 481 713 jungi
508 664 592 711 posse
622 677 721 700 nemo
737 666 770 700 in
798 667 939 701 dubium
955 677 1012 700 rev
1027 665 1169 701 ocavit.
1202 664 1266 701 His
1282 665 1444 711 perpensis
1461 691 1472 704 ,
1494 676 1531 701 ut
1547 667 1578 701 &
1607 666 1648 702 iis
1662 678 1732 714 quae
1761 668 1864 702 habet

392 714 570 760 Episcopus
590 713 625 747 in
640 712 780 758 epistola
797 714 852 749 sua
866 740 875 754 ,
900 713 933 748 in
946 724 1010 761 qua
1027 721 1115 748 totus
1129 713 1176 747 cst
1188 739 1198 752 ‚
1216 722 1250 749 ut
1263 714 1436 748 decretum
1454 713 1547 748 suum
1580 713 1740 749 defendat
1765 716 1865 750 unica

384 764 519 797 ratione
543 762 718 806 augmenti
742 761 955 802 reddituum,
989 758 1215 796 definiendum
1237 761 1306 796 eri't
1332 762 1373 796 ab
1399 760 1677 798 Eminentissimis
1705 761 1866 797 Patribus

386 809 541 844 Dubium
569 832 582 843 .

338 860 401 894 An
417 885 427 901 ‚
459 857 498 898 ἐς
514 860 553 893 in
575 867 642 905 quo
660 867 799 896 numero
812 857 1016 907 Mtffaefint
1027 859 1241 895 celebrandae
1259 860 1300 894 in
1313 858 1393 906 casu
1408 856 1478 898 &a

511 948 872 1001 celebrandas
909 950 1001 1000 efle
1038 948 1221 1000 Mimas
1277 950 1430 1013 juxta
1476 964 1761 1002 numerum
1794 947 1862 998 ab

406 1017 751 1086 Exequutore
791 1019 973 1086 primo
991 1019 1116 1069 loco
1134 1017 1476 1086 praescriptas
1498 1058 1510 1071 .

61 1146 302 1193 S'es1.24.c.18.
435 1149 589 1185 UNEN.
613 1146 895 1185 SARZANEN.
923 1148 1054 1191 JURls
1082 1148 1358 1185 AMOVENDI
1384 1146 1752 1184 CAPPELLANUM
1777 1147 1863 1183 CU.

58 1190 95 1225 de
109 1194 184 1238 Ref.
440 1197 652 1232 RATUM:
684 1196 765 1230 Duo
780 1196 838 1232 suo
854 1199 991 1242 Oppida
1007 1197 1041 1231 in
1058 1196 1208 1239 Dioecefi
1223 1196 1418 1231 Sarzanensi
1439 1195 1497 1231 uni
1516 1194 1662 1238 subjecta
1678 1195 1835 1232 Parocho
1847 1221 1860 1235 ‚

379 1246 523 1280 alterum
540 1245 628 1280 Folli
643 1269 651 1279 .
673 1242 820 1278 alterum
848 1245 1046 1288 Biiscrimoli
1063 1252 1281 1290 nuncupatur
1297 1267 1306 1276 .
1330 1244 1421 1278 Cum
1435 1254 1519 1279 vero
1546 1253 1650 1277 unum
1678 1245 1720 1277 ab
1745 1245 1860 1278 altero

377 1291 475 1326 distet
500 1293 557 1327 via
587 1289 717 1324 difficili
730 1316 739 1328 ‚
766 1292 797 1324 ὃ(
825 1304 842 1326 a
867 1301 1014 1326 torrent„¹
1041 1290 1233 1337 intercepta
1259 1317 1269 1330 ‚
1295 1291 1379 1325 itaut
1407 1289 1605 1333 impossibile
1632 1287 1692 1324 fiat
1721 1316 1732 1329 ‚
1756 1299 1796 1325 ut
1817 1291 1872 1329 ab&

377 1350 444 1374 uno
455 1339 607 1374 Parocho
621 1336 744 1371 incolis
762 1339 937 1385 utriusque
951 1338 1083 1386 Oppidi
1099 1338 1314 1373 Sacramenta
1345 1338 1576 1374 Ecclefiastica
1604 1336 1859 1378 ministrentur,

377 1386 492 1422 veteri
516 1386 752 1421 consuetudine
770 1411 779 1424 ,
806 1389 932 1433 usuque
944 1385 1105 1432 longaevo
1127 1396 1297 1428 receptum
1311 1385 1357 1420 est
1371 1413 1380 1425 ‚
1406 1394 1443 1420 ut
1462 1385 1632 1420 Parochns
1647 1384 1860 1431 Oppidum-2

379 1435 469 1469 Folli
492 1433 646 1474 incolat,
672 1433 705 1465 in
723 1431 834 1468 altero
862 1434 1059 1477 Bastrimoli
1081 1432 1330 1478 Cappellanum
1345 1433 1512 1468 Curatum
1533 1432 1680 1467 retineat
1710 1455 1723 1468 .
1752 1431 1861 1467 Venit

376 1477 415 1515 in
430 1490 576 1516 mentem
589 1480 743 1515 Parocho
756 1479 1009 1526 Cappellanum
1025 1479 1221 1516 removendi
1239 1507 1249 1520 ‚
1276 1480 1328 1514 sed
1344 1480 1480 1516 obstitit
1496 1478 1751 1525 Cappellanum
1766 1480 1858 1514 hunc

377 1528 575 1564 removendi
591 1554 600 1567 ,
623 1527 675 1561 sed
689 1526 820 1562 obstitit
833 1527 1066 1575 Cappellanus
1082 1528 1155 1573 ipse
1169 1552 1180 1565 ,
1208 1527 1371 1563 obstitere
1398 1528 1564 1563 Homines
1579 1527 1779 1568 Bastrimoli
1797 1537 1858 1562 ne-

376 1585 493 1623 gantes
507 1575 664 1610 Parocho
688 1574 838 1616 hocius,
866 1577 959 1611 nulle
987 1575 1123 1611 reddita
1145 1574 1241 1609 causa
1258 1602 1268 1615 ,
1300 1576 1332 1610 &
1352 1574 1419 1610 fine
1451 1573 1650 1620 cognitione
1664 1572 1822 1620 Episcopi
1848 1598 1861 1613 ,

375 1634 494 1658 verum
506 1623 610 1658 etiam
624 1623 865 1658 contendentes
878 1635 944 1657 non
969 1622 1056 1668 posse
1081 1633 1160 1657 eum
1175 1621 1390 1658 parochiales
1415 1622 1607 1658 functiones
1633 1631 1796 1655 exercere
1819 1620 1856 1655 in

377 1672 493 1705 eodem
507 1671 666 1717 Oppido.
695 1669 864 1705 Rationes
879 1699 887 1711 ‚
912 1672 1033 1716 quibus
1057 1670 1107 1704 illi
1123 1669 1278 1705 nituntur
1294 1697 1304 1711 ‚
1328 1670 1444 1715 legent
1456 1666 1717 1704 Eminentissimi
1734 1667 1859 1704 Patres

378 1719 413 1752 in
429 1729 547 1752 eorum
574 1717 718 1752 sibelloz
746 1718 927 1764 Episcopus
951 1718 1128 1754 secundem
1146 1717 1397 1762 Cappellanum
1410 1715 1598 1764 respondit:
1625 1713 1713 1749 nihil
1740 1715 1859 1751 hacte-

377 1777 438 1801 nus
453 1776 471 1798 a
489 1765 637 1800 Parocho
655 1764 831 1799 habuimus
886 1765 1002 1800 Dubia
1017 1765 1089 1800 duo
1102 1775 1339 1810 proponuntur
1355 1790 1365 1799 .

333 1816 366 1854 1,
395 1816 459 1850 An
472 1814 585 1850 liceat
601 1814 756 1849 Parocho
776 1814 871 1850 Folli
885 1817 932 1850 ad
947 1817 1142 1851 arbitrium
1157 1826 1334 1850 removere
1361 1814 1622 1864 Cappellanum
1641 1811 1818 1850 Curatum
1830 1824 1856 1850 a

544 1867 655 1903 Terra
671 1865 883 1913 Bustremoli
895 1869 940 1902 ab
955 1869 1032 1915 ipso
1050 1869 1268 1913 nominatum
1282 1870 1393 1903 etiam
1408 1868 1539 1916 absque
1553 1865 1660 1913 caufiz
1674 1865 1720 1901 ab
1737 1865 1859 1903 Ordi-

538 1921 642 1955 nario
658 1919 884 1968 cognofienda
905 1923 944 1955 in
958 1922 1042 1966 casa
1058 1918 1132 1959 &a

334 1970 392 2007 II.
424 1971 491 2007 An
508 1971 618 2007 liceat
635 1973 747 2007 eidem
765 1970 922 2007 parocho
937 1972 1034 2008 Polli
1047 1972 1169 2017 adfici
1182 1973 1331 2009 libitum
1347 1973 1489 2018 explere
1505 1980 1632 2015 gomnes
1655 1968 1857 2016 funffiones

537 2023 770 2059 parochiales
786 2025 827 2058 in
855 2022 1006 2069 Ecclesia
1022 2051 1033 2066 ‚
1062 2025 1100 2065 ‘73'
1115 2026 1155 2059 in
1167 2027 1204 2061 d.
1217 2024 1285 2059 loco
1304 2024 1517 2072 Bastremoli
1545 2048 1557 2065 ,
1587 2022 1710 2070 ibique
1739 2021 1853 2058 etiam

534 2073 654 2121 adsui
669 2076 817 2112 libitum
830 2071 978 2119 residere
993 2078 1034 2110 in
1052 2077 1134 2124 casu
1151 2075 1220 2117 ὄσ.

503 2163 592 2215 Ad
611 2167 646 2218 I.
671 2167 935 2235 Negative
958 2204 972 2216 .
1006 2168 1091 2219 Ad
1112 2167 1297 2219 Dilata
1319 2207 1334 2227 ‚
1368 2162 1419 2219 ’ὃς
1437 2166 1704 2218 scribatur
1721 2159 1853 2229 Epi-

368 2246 372 2248 ’
397 2234 564 2301 scopo
597 2238 747 2299 juxta
764 2235 1160 2290 instruffionem
1184 2277 1200 2313 .-

521 2471 525 2474 ἡ
594 2371 714 2436 Die
752 2371 1157 2455 Sabbathiz3.
1204 2377 1368 2459 Sept.
1404 2389 1586 2450 1747.

54 2533 204 2574 Sess.23.
227 2541 292 2568 c.2.
442 2526 632 2564 PPIDEN.
659 2526 828 2564 Dedimus
853 2528 942 2566 hanc
966 2527 1112 2566 Causam
1137 2527 1170 2562 in
1188 2529 1283 2563 Folio
1300 2526 1579 2573 congregationis
1602 2522 1727 2559 habitae
1748 2527 1804 2561 die
1816 2529 1852 2560 6.

52 2579 89 2614 de
103 2578 173 2625 Res.
452 2573 636 2620 superioris
657 2575 774 2610 mensis
799 2578 912 2616 Maii,
935 2577 994 2612 sed
1007 2575 1119 2612 Causa
1136 2586 1174 2610 ea
1200 2574 1257 2610 die
1277 2575 1418 2621 proponi
1433 2583 1503 2606 non
1515 2570 1647 2616 potuit:
1675 2571 1852 2617 Proposita

372 2624 492 2669 itaque
517 2622 632 2656 fuitin
658 2622 725 2656 alia
755 2629 1015 2672 Congregatione
1038 2625 1108 2660 diei
1134 2632 1191 2658 20.
1217 2622 1363 2668 ejusdem
1381 2618 1521 2662 mensis,
1548 2619 1580 2652 &
1608 2616 1853 2665 rescripserunt

378 2668 586 2715 Ampliffimi
607 2669 722 2703 Patres
746 2688 781 2695 --
803 2673 926 2706 Dilata
942 2699 950 2712 ,
979 2678 1021 2710 &-
1045 2678 1257 2717 proponatur
1271 2673 1379 2704 citato
1405 2668 1562 2712 legitimo
1589 2672 1854 2717 ‘I’rqcuratore-‚v

377 2719 590 2753 'Promotoris
612 2716 754 2759 Fiscalis
772 2717 818 2742 --“
839 2717 977 2754 Factum
1001 2720 1033 2753 id
1045 2717 1111 2752 suit
1130 2743 1141 2755 ,
1169 2714 1532 2763 placntitquetertium
1556 2713 1715 2754 Duorum
1730 2713 1847 2758 primis

376 2767 578 2810 adjungere:
604 2762 694 2798 Cum
712 2774 793 2800 vero
817 2775 906 2800 nunc
923 2765 1033 2803 Causa
1055 2773 1286 2811 proponatur,
1306 2772 1476 2810 poterunt
1499 2760 1760 2798 Eminentissimi
1789 2759 1860 2795 Pa-

1732 2818 1803 2844 tres
