1874 2961
110 113 428 157 ASTRIMARts
453 110 843 149 PRIMICERIATUS
869 125 878 145 τ
921 110 1059 148 Placuit
1083 111 1308 159 Ampliffimis
1336 77 1499 163 ran-ibus:
1559 121 1752 167 ,S‘shv-cw·

138 169 171 203 in
192 167 307 201 eadem
328 164 453 197 ultima
471 163 734 208 Congregatione
750 187 760 200 ,
788 161 822 195 in
841 171 906 205 qua
922 160 991 194 haec
1004 159 1117 194 Causa
1146 159 1315 206 proposita
1340 160 1404 194 luit
1422 189 1430 200 ‚
1457 171 1510 196 re·
1547 160 1666 200 Sela-14.
1679 174 1753 198 c-n.

79 215 244 265 spondere
264 231 283 237 -
310 211 431 246 Dilata
447 235 456 248 ,
481 218 525 245 eff·
541 215 756 258 proponatur
773 212 807 244 in
819 210 984 258 proxima
1005 219 1078 242 cum
1096 208 1217 257 visitem
1235 225 1254 231 -
1280 206 1510 253 Obsequ’mur
1548 203 1650 241 ““fi

77 263 188 311 igitur
209 260 402 295 eorumdem
417 256 593 291 voluntati
608 279 618 293 ,
645 265 788 301 eamque
805 255 860 290 hic
888 254 1030 293 damus;
1056 253 1215 290 Dubium
1235 264 1318 290 vero
1344 254 1510 291 definien-

40 313 162 401 Atinii:
181 308 335 400 Jgridum
352 378 362 393 ,
384 351 445 387 vel
460 350 678 386 recedendum
696 361 715 383 a
731 349 856 394 Decist's
882 351 917 385 in
943 349 1020 394 casu
1033 353 1111 389 &c‚

127 458 170 495 ln
190 453 306 491 decisis
322 478 334 494 ,
358 451 391 489 ἃ
414 448 565 501 amplius
578 474 590 495 ,

48 590 375 682 HORTANA
390 602 399 622 =
425 589 600 641 Quintum
625 598 717 624 nunc
734 590 803 625 haec
819 588 929 625 Causa
953 590 1154 636 proponitur
1168 586 1441 625 Eminentiffimis
1454 586 1517 624 Pa·
1546 594 1614 636 Seff·
1626 606 1675 628 ιι.
1695 599 1755 628 De-

171 641 300 679 tribus‚
327 638 405 672 data
418 647 510 672 enlm
527 637 590 672 fuit
612 637 752 680 infolio
782 641 1058 684 Congregationis
1081 638 1205 673 habitae
1232 638 1285 672 die
1312 637 1346 672 8.
1366 636 1517 684 „Augusti
1549 640 1654 668 eree-Ae
1666 638 1757 675 objer-

94 697 175 731 anm·
196 700 298 737 nuper
315 684 478 728 transalli
492 710 502 723 ,
528 685 561 720 in
578 695 643 729 qua
657 682 807 719 definitis
830 684 907 720 aliis
927 693 1077 731 quatuor
1091 683 1217 720 Dubiis
1232 712 1239 726 ,
1264 681 1432 718 Tertium
1445 709 1455 723 ,
1482 681 1519 718 in
1549 676 1701 706 &mit-¹⁹⁹¹
1713 687 1755 707 ς’·

120 753 165 778 uo
179 737 228 775 rei
243 742 343 779 caput
358 739 453 784 erat,
481 731 659 766 definitum
681 743 750 765 non
771 730 859 766 fuit:
888 731 927 766 ln
956 732 1022 766 alia
1040 732 1146 777 igitur
1159 730 1442 778 Congregatione
1455 730 1519 766 ha-
1548 715 1714 756 debr-My.

93 789 169 824 bita
190 788 243 820 die
265 791 316 823 29.
333 780 474 825 ejusdem
490 779 607 821 Menfis
623 777 770 813 Causam
786 779 909 813 iterum
922 779 1072 813 dedimus
1085 804 1095 818 ‚
1121 780 1151 814 &
1181 778 1422 826 responderunt
1435 778 1521 812 Am-

84 831 229 884 ‘ptiffimi
244 829 385 864 Patress
413 827 472 862 ,Ad
487 826 800 870 HLAs'firmative:
827 824 944 861 Rediit
967 836 1080 861 tamen
1105 828 1221 862 eadem
1244 823 1385 870 quaestio
1403 825 1444 859 ad
1457 835 1517 859 eo-

91 893 171 921 1um
184 877 358 922 judicium
375 874 410 908 in
421 872 699 920 Congregatione
715 872 832 907 habita
857 878 911 908 die
929 884 960 915 s.
975 874 1172 909 Decembris
1188 901 1198 914 ‚
1222 874 1252 908 &
1284 870 1445 907 definitio
1469 874 1521 907 di·

93 932 169 967 lata
193 925 266 971 fuit
281 922 529 968 adsequentem
547 924 680 955 omnino
706 923 810 956 etiam
827 923 926 955 unica
944 948 951 956 .
977 920 1144 957 Dedimus
1171 921 1288 965 itaque
1301 917 1460 963 ‘Causam
1486 918 1522 952 in

90 978 178 1024 folio
197 970 476 1019 congregationis
493 994 503 1008 ,
529 978 601 1013 qum
626 967 774 1002 habenda
798 977 872 1002 erat
896 970 949 1005 die
970 979 1020 1010 ¹9·
1038 968 1260 1007 Decembris,
1286 965 1344 1000 fed
1370 965 1523 1001 habita...

95 1024 164 1061 fuit
182 1024 235 1058 die
255 1020 307 1055 16.
320 1018 490 1061 &armarii
514 1022 618 1060 nuper
634 1014 735 1061 elapfi
748 1040 757 1053 ,
784 1015 982 1062 placuitque
1006 1023 1088 1050 tunc
1104 1015 1306 1062 respondere
1315 1017 1448 1060 pretvio
1464 1026 1523 1048 re-

95 1070 178 1118 ceffu
198 1081 217 1102 a
232 1064 346 1108 decisis
361 1065 546 1110 negative:
575 1072 666 1095 nunc
689 1063 828 1097 demum
852 1064 893 1097 ab
907 1063 1184 1098 Eminentissimis
1198 1061 1356 1097 Patribus
1371 1086 1384 1102 ,
1404 1059 1523 1096 omni-

93 1112 157 1156 bns
171 1115 262 1151 hisce
280 1110 374 1148 foliis
401 1107 582 1155 perspectis
595 1134 603 1146 ,
629 1107 886 1144 deliberandum
909 1109 956 1144 est
969 1138 979 1146 .

51 1175 111 1206 ‚An
132 1166 177 1210 sit
195 1162 349 1204 standum
381 1159 414 1191 in
430 1159 543 1205 primo
562 1156 621 1190 rvel
637 1157 780 1199 secundo
794 1158 866 1192 loco
888 1157 1002 1202 deczsts
1024 1158 1240 1202 ipzcafi1&c.

146 1263 184 1299 In
206 1259 349 1298 secundo
373 1257 452 1292 loco
466 1251 579 1290 decisis
594 1280 605 1292 ,
632 1253 822 1302 &amplius
845 1281 856 1297 ἱ
919 1268 922 1271 .

141 1398 425 1438 ANCIANEN.
453 1397 845 1436 RESTITUTIONIS
872 1399 925 1435 IN
952 1397 1229 1435 INTEGRUM
1260 1410 1269 1430 ε
1298 1396 1353 1430 Ab
1378 1392 1525 1440 Optimo
1556 1399 1767 1436 §erumnam-

164 1449 387 1494 Maximoque
402 1445 564 1495 Principe
577 1447 688 1484 nostro
701 1447 783 1482 data
797 1447 862 1482 fuit
879 1446 1094 1492 Ampliflimo
1120 1445 1202 1480 huic
1216 1442 1345 1479 Ordini
1371 1440 1526 1487 cognitio
1557 1441 1592 1473 de
1603 1448 1664 1478 reg·

87 1495 223 1532 'Causae
243 1496 349 1531 Patris
367 1495 501 1542 Aloysii
527 1496 648 1532 Mariae
660 1493 804 1529 Castelli
820 1520 830 1533 ‚
857 1494 917 1541 qui
937 1494 969 1529 se
996 1503 1088 1528 metu
1102 1493 1281 1528 verberum
1294 1516 1305 1532 ,
1330 1498 1527 1526 carcerum,

101 1553 224 1582 mortis
240 1545 393 1580 coactum
409 1555 427 1577 a
442 1543 543 1579 Patre
558 1542 695 1579 dicebat
713 1569 722 1583 ,
749 1551 787 1577 ut
803 1540 978 1588 Religioni
1005 1552 1130 1576 nomen
1152 1539 1252 1574 daret
1265 1565 1276 1579 ,
1298 1540 1386 1583 quod
1402 1534 1537 1579 fadium

102 1593 147 1627 ab
167 1603 210 1625 eo
237 1591 304 1626 fuit
325 1591 361 1625 in
384 1591 517 1626 Ordine
545 1590 773 1626 Eremitarum
798 1589 843 1625 D.
875 1588 1061 1635 Augustini
1083 1614 1092 1628 ,
1119 1588 1154 1622 in
1175 1599 1243 1633 quo
1263 1584 1529 1631 profeflioncm.»

101 1637 214 1674 emisit
230 1641 283 1676 die
304 1648 358 1684 ις.
375 1638 585 1684 Septembris
605 1647 702 1684 1730.
719 1636 885 1672 Mandata
902 1636 967 1672 fuit
993 1635 1057 1669 hac
1078 1637 1118 1670 de
1142 1646 1176 1669 re
1192 1633 1235 1668 ab
1248 1629 1529 1668 Eminentissimis

101 1685 262 1721 Patribus
287 1684 476 1727 jurisdifflo
504 1685 775 1730 Archiepiscopo
801 1683 968 1719 Lanciani
984 1709 994 1723 ‚
1018 1695 1036 1717 a
1060 1694 1127 1728 quo
1148 1682 1321 1716 instrustus
1348 1679 1415 1714 fuit
1443 1677 1531 1712 Pro-

100 1731 207 1769 cessus
225 1760 236 1774 ,
262 1734 292 1769 ὃ(
306 1734 463 1779 repetitis
492 1731 648 1768 formiter
672 1742 798 1767 novem
813 1730 994 1769 Testibus‚
1017 1731 1075 1776 qui
1100 1729 1170 1764 fere
1189 1740 1305 1764 omnes
1330 1727 1530 1761 Sacerdotes

103 1779 203 1820 sunt,
235 1781 373 1828 ipsoque
401 1780 499 1815 Patre
529 1779 678 1828 Aloysto
702 1777 813 1814 Maria
840 1778 981 1814 Castelli
1006 1804 1015 1818 ,
1050 1777 1200 1823 acceptis
1234 1771 1531 1810 testificationibus

102 1828 249 1864 duorum
272 1827 530 1874 Religiosorum
555 1854 565 1867 ,
597 1825 891 1875 protestatlonibus
922 1825 1102 1862 contrariae
1126 1822 1316 1858 voluntatis
1344 1818 1465 1855 emistis
1495 1819 1531 1852 in

93 1875 175 1909 'acta
201 1876 340 1922 publica
363 1876 404 1910 ab
422 1877 539 1910 eodem
554 1874 698 1921 Aloyfio
711 1873 830 1909 Maria
844 1897 855 1910 ‚
875 1882 948 1908 tum
962 1883 1041 1907 ante
1058 1898 1067 1911 ,
1091 1880 1164 1906 tum
1190 1869 1259 1916 post
1273 1867 1529 1907 Profeliionem,

102 1932 208 1969 atque
225 1923 382 1968 Epistolis
408 1923 600 1959 minacibus
627 1920 754 1956 Adami
770 1918 912 1955 Castelli
928 1919 1060 1968 Aloysii
1086 1918 1195 1954 Patris
1211 1944 1221 1957 ‚
1242 1914 1453 1965 disertissima
1474 1913 1532 1947 de·

102 1983 196 2006 mum
210 1970 356 2015 Epistola
372 1970 559 2006 secundum
575 1971 734 2005 Adlorem
750 1965 977 2003 resciss'oriam
1002 1969 1090 2015 quod
1107 1976 1217 2002 metus
1245 1965 1342 2007 causta
1361 1964 1531 1996 actionem

101 2027 348 2064 proponentem
368 2018 542 2065 respondit
560 2043 569 2053 .
595 2019 681 2063 Qae
708 2018 745 2050 in
760 2014 859 2050 causa
884 2014 957 2050 sunt
975 2013 1181 2062 cognoscent
1194 2008 1458 2047 Eminentiffimi
1470 2006 1534 2043 Pa-

102 2073 177 2100 tres
195 2062 340 2100 lectione
356 2066 496 2105 libelli,
518 2066 576 2111 qui
593 2067 635 2100 ab
650 2060 793 2109 Aloyfio
806 2064 932 2103 datur,
953 2064 995 2098 ab
1017 2061 1149 2098 Ordine
1172 2059 1264 2095 nihil
1287 2057 1444 2093 haetenus
1468 2054 1535 2088 ha-

101 2112 262 2147 buimus:
292 2113 449 2149 Dubium
471 2115 560 2160 quod
582 2113 777 2159 disputatur
799 2109 846 2143 est
862 2137 869 2145 .

60 2164 121 2195 An
136 2159 182 2202 Jit
206 2161 314 2195 danda
341 2163 375 2196 in
391 2165 565 2207 integrum
579 2160 751 2203 restitutio
776 2158 812 2191 in
827 2158 903 2202 casu
916 2162 992 2196 &a

155 2259 379 2298 Affirmative
395 2285 405 2300 ,
432 2259 464 2296 δι
480 2259 665 2306 Episcopus
690 2254 849 2302 procedat
862 2265 983 2293 contra
996 2255 1132 2292 Patrem
1145 2281 1156 2295 ‚
1180 2239 1283 2303 prout
1304 2253 1345 2287 de
1359 2252 1434 2295 jure
1449 2275 1459 2285 .

124 2395 287 2432 ANCTI
313 2395 568 2432 MlNIATIS:
594 2397 757 2444 Qatuor
773 2402 924 2441 aguntur
950 2389 1193 2428 controverliae
1217 2388 1331 2434 capita
1355 2389 1443 2422 inter
1456 2385 1533 2438 An:-
1569 2401 1776 2442 &spu-m„

138 2444 262 2478 draeam
281 2444 453 2480 Dantium
470 2444 690 2490 Praepofitum
701 2441 907 2487 Collegiatae
921 2438 1077 2476 Ecclefiae
1104 2440 1135 2474 S.
1148 2436 1237 2472 Petri
1254 2434 1367 2470 Castri
1382 2433 1532 2469 Francht
1567 2448 1605 2475 gr
1615 2454 1663 2476 23,
1676 2444 1712 2475 a,
1723 2440 1776 2481 ..fi

106 2490 142 2525 in
155 2490 314 2537 superiori
329 2493 422 2528 Arni
436 2497 535 2537 parte
549 2518 560 2531 ,
585 2493 615 2527 &
630 2491 792 2527 Gratiam
808 2487 1022 2523 ssardottium
1034 2486 1192 2522 Priorem
1208 2481 1439 2518 Parrochialis
1463 2479 1533 2515 Ec-

106 2537 211 2574 clefiae
226 2540 283 2576 SS.
297 2538 443 2575 Martini
472 2541 502 2574 &
521 2539 676 2574 ssarbarae
707 2539 854 2581 eiusdem
879 2534 1011 2573 Castri,
1035 2544 1136 2579 atque
1161 2530 1308 2573 eiusdem
1322 2528 1532 2575 Collegiatae

106 2582 261 2622 Ecclefiae
283 2586 498 2622 Canonicum
517 2600 526 2620 =
557 2586 692 2621 Audito
715 2585 849 2633 igitur,
872 2591 911 2617 ut
934 2579 1008 2616 fieri
1037 2581 1126 2615 solet
1142 2606 1153 2620 ,
1179 2577 1346 2625 Episcopo
1360 2603 1370 2617 ,
1395 2575 1453 2624 qui
1480 2574 1534 2610 se-

106 2636 253 2668 cundum
268 2634 485 2680 Praepositum
499 2632 675 2680 respondit
691 2659 701 2673 ,
723 2631 847 2668 eadem
861 2640 953 2664 nunc
976 2626 1221 2664 controverfiae
1246 2624 1360 2671 capita
1376 2622 1534 2674 Amplis-⁵

108 2678 196 2715 simis
217 2679 373 2717 Patribus
390 2680 586 2718 definienda
604 2688 840 2730 proponuntur
853 2705 862 2715 .
887 2675 1068 2723 Qaeritur
1079 2675 1211 2713 duobus
1229 2672 1345 2721 primis
1360 2699 1370 2712 2
1396 2683 1438 2705 ³¹1
1452 2681 1532 2720 COg¹

161 2732 343 2764 Toni-XIV.
952 2722 980 2758 B
1432 2716 1533 2765 poflit
