1883 2907
340 119 380 148 34
420 146 611 196 puellarum
639 143 930 180 admittendarum
957 171 967 185 ,
993 153 1061 181 tam
1096 145 1135 180 ad
1161 145 1316 183 habitum
1341 172 1352 187 ,
1379 158 1480 195 quam
1501 149 1544 184 ad
1567 149 1804 197 professionem

421 197 456 230 in
481 193 566 228 dicto
584 190 820 227 Monasterio3
849 200 891 227 Et
917 201 1085 237 quatenus
1114 195 1319 238 affirmative
1336 222 1343 231 .
1642 236 1644 239 v

329 246 373 281 V.
400 244 457 279 An
473 238 648 275 occasione
667 238 763 274 dictae
784 239 1023 276 interess'entiae
1039 239 1258 277 Redditionis
1273 241 1433 278 Rationis
1450 267 1460 281 ‚
1490 244 1522 278 δι
1548 246 1806 293 explorationis

420 295 577 325 teneatur
591 285 836 322 Monasterium
859 286 902 322 ad
926 285 1080 334 aliquam
1103 288 1283 334 expensam
1312 301 1372 335 pro
1399 289 1570 328 Ministris
1584 294 1698 330 Curia:
1720 288 1824 341 Epi..¹

417 334 563 382 scopalis
581 333 795 369 Vvormatiae
809 361 818 373 ‚
844 333 911 369 five
925 345 968 369 ex
985 345 1195 381 quocumque
1213 336 1284 371 alio
1301 337 1408 373 titulo
1426 337 1442 372 ,ἶ

330 385 386 420 Vl,
414 386 470 420 An
492 379 627 429 praefati
643 380 833 426 Regulares
849 406 859 419 ‚
883 382 913 416 &
929 379 1106 416 Moniales
1119 382 1192 428 cogi
1208 383 1331 429 poffint
1344 396 1403 432 per
1416 387 1560 423 mulctas
1573 388 1799 435 pecuniarias

418 432 455 467 in
479 428 619 465 Casibus
645 427 836 472 praedietis?

324 478 407 514 vll.
434 481 488 512 An
514 475 608 510 licita
633 474 735 510 fuerit
762 476 893 511 exacuo
918 484 1058 511 centum
1094 476 1323 522 imperialium
1354 477 1443 514 faeta
1465 492 1483 515 a
1507 480 1802 518 Reverendiffimo

419 522 595 560 vicariatu
613 521 885 563 Vvormatienss‚
912 525 965 560 seu
981 524 1091 569 potius
1118 534 1276 560 teneatur
1299 525 1424 561 dictam
1448 527 1611 564 summam
1626 529 1801 565 Monaste-

415 573 470 609 rio
484 568 794 606 Manen-munster
808 571 982 609 restituere
994 597 1004 611 ,
1029 572 1063 606 &
1077 571 1194 607 omnia
1214 574 1334 609 damna
1351 572 1488 610 reficere
1517 575 1551 610 in
1564 576 1642 613 casu
1661 578 1727 614 διε.

416 670 540 708 Dilata
555 696 566 711 ,
591 671 625 706 &
644 680 863 716 proponatur
881 673 915 708 in
933 671 1045 720 prima
1057 671 1140 713 Julii
1157 674 1262 709 etiam
1283 673 1385 710 unica
1400 699 1407 709 .

390 805 660 844 ERRARIEN.
698 806 1029 846 BENEPLACITI
1059 808 1355 847 APOSTOLlCI
1373 824 1382 845 ε
1410 811 1509 849 Licet
1525 813 1569 848 ab
1588 822 1678 848 anno
1692 812 1797 861 usque

89 845 272 885 Seſsar-04.
406 864 506 901 1735,
518 867 585 902 quo
600 855 849 893 Ferrariensem
864 859 1004 908 regebat
1027 857 1210 908 Ecclesiam
1227 859 1510 906 Emi-nentiflimus
1523 860 1679 896 Thomas
1705 859 1796 897 Ruf-

84 887 198 924 d‘R‘f:
365 902 417 938 fus
432 902 462 936 S.
476 902 522 940 R.
537 902 781 940 E.Cardinalis
795 904 1029 950 Ampliffimus
1047 917 1065 939 a
1089 905 1199 940 tribus
1224 906 1403 942 Parochiis
1418 906 1592 944 Villarum
1617 909 1794 948 Ficaroli‚

364 952 504 985 Stientae
520 974 529 989 ,
553 955 597 987 ὠ
615 953 760 997 Ravalli
773 979 783 992 ,
810 950 959 999 praestito
977 955 1019 988 ab
1033 962 1148 988 earum
1162 953 1367 989 Rectoribus
1395 954 1558 991 consensu
1570 981 1580 994 ‚
1605 954 1690 990 faaa
1714 955 1793 990 fue-

360 998 409 1032 rit
427 996 592 1042 separatio
605 1025 613 1038 ,
638 999 668 1033 ἃ
685 999 792 1036 altera
804 1000 911 1035 erecta
927 998 1039 1036 fuisset
1055 999 1266 1035 parochialis
1283 999 1433 1037 Ecclesia
1457 1002 1492 1036 in
1506 1003 1608 1037 Villa
1621 1004 1792 1046 Tomaflel-

361 1045 400 1079 lae
416 1069 426 1085 ,
450 1057 523 1091 quae
536 1043 654 1079 deinde
668 1046 717 1081 ob
734 1048 857 1094 Populi
874 1050 1153 1083 commoditatem
1167 1047 1332 1082 translata
1360 1047 1426 1083 fuit
1442 1048 1476 1083 in
1496 1050 1627 1085 Villam
1647 1050 1766 1086 Gaibae
1779 1076 1791 1090 ‚

358 1091 455 1134 cujus
471 1090 636 1127 Parochus
661 1094 762 1130 titulo
772 1096 1086 1141 „archipresbyteri
1111 1106 1224 1142 nuper
1251 1095 1387 1136 auClus,
1413 1096 1674 1144 honestatusque
1698 1097 1790 1138 fuit,

355 1137 525 1182 optimum
540 1146 654 1175 tamen
667 1140 777 1178 visum
790 1143 835 1178 est
851 1153 942 1176 novo
958 1143 1037 1178 huic
1052 1143 1365 1190 Archipresbytero
1378 1144 1502 1185 Joanni
1517 1145 1629 1181 Sartio
1640 1171 1650 1184 ‚
1663 1145 1695 1179 δι
1710 1145 1791 1180 uni-

355 1184 453 1221 verso
479 1186 613 1231 Populo
625 1187 830 1226 Tomasellae
845 1217 855 1230 ‚
881 1189 912 1223 ἃ
939 1189 1061 1226 Gaibae
1094 1202 1208 1236 preces
1224 1191 1450 1236 Ampliffimis
1464 1191 1622 1227 Patribus
1646 1190 1764 1227 offerre
1778 1217 1791 1232 ,

354 1232 475 1278 quibus
501 1233 715 1279 postulabant
730 1236 933 1284 Apostolica
968 1239 1170 1274 auctoritate
1204 1238 1403 1275 confirmari
1427 1239 1671 1286 separationem
1687 1266 1697 1280 ‚
1722 1251 1791 1275 no-

352 1291 497 1325 vamque
524 1283 726 1320 erectionem
763 1285 884 1321 factam
910 1286 951 1319 ab
977 1286 1249 1331 Eminentiflimo
1273 1286 1562 1331 Archiepiscopo:
1588 1287 1790 1321 metuebant

352 1326 443 1377 enirn
470 1353 481 1367 ,
508 1338 550 1363 ne
581 1329 869 1381 Archipresbyter
905 1332 1061 1369 Ecclefiae
1088 1333 1215 1369 Matris
1236 1333 1271 1368 S.
1288 1334 1461 1369 Antonini
1491 1332 1597 1368 Villae
1618 1333 1788 1374 Ficaroli,

349 1373 406 1409 cui
430 1373 620 1420 plurimum
642 1378 779 1417 illatum
810 1381 878 1417 fuit
907 1380 1138 1421 detrimenti,
1164 1389 1237 1415 tum
1265 1379 1312 1414 ob
1333 1379 1497 1423 majorem
1513 1380 1639 1428 Populi
1660 1391 1783 1415 nurne-

348 1431 456 1456 ruma
477 1421 641 1460 Parochia
668 1427 727 1462 illa
755 1428 971 1475 separatum,
998 1437 1069 1463 tum
1092 1429 1134 1463 ob
1166 1439 1252 1463 onus
1276 1426 1391 1462 eidem
1419 1428 1607 1470 iniunssum
1630 1427 1786 1462 solvendi

349 1477 443 1504 novo
457 1469 606 1505 Parocho
620 1484 731 1509 annua
753 1477 839 1513 scut.
855 1487 911 1516 40·
931 1475 1096 1511 iudicium
1114 1475 1283 1520 inciperet
1297 1499 1308 1513 ‚
1332 1483 1371 1509 ut
1397 1473 1565 1520 separatio
1592 1475 1689 1509 irrita
1715 1474 1785 1509 fie-

350 1522 424 1554 ret,
448 1527 525 1550 cum
550 1519 584 1552 ei
608 1519 815 1567 displicuisse
843 1532 962 1570 putent
976 1534 1102 1558 novam
1118 1520 1351 1558 Parochialem
1379 1521 1416 1557 in
1443 1522 1785 1568 Archipresbytera-

349 1561 417 1596 lem
432 1565 581 1600 evectam
594 1593 604 1606 ,
630 1568 662 1602 8<
677 1569 844 1609 Joannem
857 1570 1004 1608 Sartium
1019 1570 1229 1615 Archipresb
1260 1568 1326 1606 teri
1352 1568 1482 1604 Titulo
1501 1569 1560 1604 infi
1587 1570 1697 1604 nitum
1709 1595 1721 1609 ,
1748 1571 1781 1605 &

351 1608 532 1645 liberatum
561 1614 604 1648 ab
625 1626 729 1651 onere
745 1619 931 1656 accedendi
962 1617 1006 1652 ad
1027 1616 1211 1654 Ecclesiam
1270 1625 1380 1652 atrem
1401 1618 1431 1652 S.
1449 1578 1622 1666 Antofiini
1648 1616 1701 1651 die
1718 1616 1784 1651 Sa-

353 1654 461 1690 batho
478 1658 614 1701 majoris
626 1662 846 1704 hebdomadae
859 1694 869 1707 ,
893 1665 987 1714 quod
1002 1676 1086 1700 onus
1110 1677 1129 1701 a
1141 1663 1272 1700 caeteris
1288 1663 1452 1700 Parochis
1468 1664 1529 1699 fert
1542 1670 1574 1699 'r
1590 1691 1599 1699 .
1626 1663 1784 1699 Auditus

348 1702 459 1748 igitur
475 1703 566 1746 fuit,
591 1717 628 1742 ut
642 1720 809 1754 parerat,
834 1712 1124 1760 Archiepiscopus
1141 1739 1151 1752 ,
1176 1712 1233 1758 qui
1259 1710 1477 1746 disertifflma
1501 1710 1518 1745 s
1534 1710 1682 1746 cundum
1705 1712 1780 1746 Sar·-

348 1751 432 1784 tium
445 1751 620 1798 respondit
632 1756 798 1801 Epistola.
825 1774 890 1808 qua
904 1761 1066 1796 monstrat
1080 1761 1110 1794 δι
1127 1759 1345 1794 validitatem
1361 1786 1371 1799 ‚
1397 1759 1428 1794 &
1444 1757 1611 1801 justitiam
1634 1759 1714 1793 actae
1731 1757 1779 1792 se-

348 1798 557 1847 parationis.
583 1801 710 1839 Censet
738 1816 849 1843 tamen
873 1811 1010 1845 unicam
1034 1805 1275 1841 difficultatem
1303 1804 1386 1841 oriri
1411 1803 1497 1850 posse
1525 1817 1566 1840 ex
1594 1816 1661 1845 eo,
1689 1805 1777 1852 quod

348 1855 384 1878 in
402 1843 592 1886 hujusmodi
610 1850 914 1891 dismembratione
940 1867 1008 1891 non
1038 1852 1142 1889 fuerit
1155 1853 1306 1888 Parocho
1320 1854 1473 1888 matricis
1487 1852 1640 1888 Ecclefiae
1664 1852 1778 1887 reser-

346 1900 465 1942 vatum
491 1894 548 1934 Jus
564 1898 792 1942 nominandi,
818 1904 849 1938 δι
869 1901 1090 1946 praesentandi
1118 1912 1213 1935 novae
1231 1899 1438 1935 parochialis
1456 1899 1618 1935 Rectores
1644 1900 1778 1942 juxta-2

350 1937 507 1983 dlsPOfita
534 1941 568 1975 in
593 1943 844 1984 Constitutione
873 1952 950 1986 San.
966 1960 1062 1985 mem.
1091 1946 1286 1983 Alexandri
1303 1947 1365 1982 Ill.
1391 1958 1466 1992 quae
1489 1947 1612 1991 incipit
1634 1945 1676 1981 ad
1694 1947 1774 1982 Au-

349 1985 511 2036 dientiam
538 1991 576 2023 de
594 1989 721 2028 Eccles.
742 1993 877 2032 AEdific..
895 1998 956 2033 Ab
971 1996 1086 2032 Olivo
1101 1995 1229 2030 Poletti
1249 1993 1555 2039 Archipresbytero
1583 1992 1771 2028 Parochia—

349 2030 392 2081 lis
409 2034 564 2071 Ecclefiae
578 2037 610 2072 S.
627 2040 798 2076 Antonini
815 2044 919 2080 Villae
934 2041 1078 2080 Ficaroli
1101 2042 1190 2077 nihil
1215 2041 1373 2076 haCtenus
1393 2040 1566 2075 habuimus
1580 2066 1590 2076 .
1617 2040 1771 2076 Videant

346 2079 454 2160 lgigur
470 2082 740 2164 c{Eminsentiffimi
767 2087 906 2134 Patres,
933 2104 1002 2139 qua
1022 2089 1155 2124 ratione
1183 2087 1365 2127 Dubium,
1389 2089 1478 2133 quod
1510 2087 1686 2136 sequitur,
1712 2098 1773 2123 ex-

345 2135 390 2170 pe
415 2136 468 2162 ten
492 2141 547 2165 um
583 2140 609 2166 1t
624 2159 633 2169 .

302 2176 360 2207 ‹An
375 2171 421 2214 fit
441 2176 534 2210 locus
562 2182 751 2226 conceffioni
764 2189 977 2236 Beneplaciti
993 2185 1185 2233 Apostolici
1210 2185 1245 2220 in
1267 2183 1343 2228 cafit
1358 2187 1434 2220 &c-

394 2272 640 2316 Affirmative,
665 2268 696 2313 ὁὶ
723 2284 890 2328 amplius.

67 2409 268 2480 dSeſjbagdef·
299 2406 524 2489 FANEN.
552 2411 837 2472 ORATORH„
854 2419 1066 2473 Facultatem
1094 2422 1244 2474 habendi
1282 2421 1318 2456 in
1343 2418 1484 2471 AEdibus
1508 2417 1576 2453 suis
1597 2417 1766 2464 privatum

63 2448 270 2528 [Μ]
346 2456 1766 2558 regalia}1³35,ssss‘effisla&surgentetergeret,5:22{³22

346 2547 490 2584 lsabella
505 2551 668 2592 Mareotti
690 2559 889 2608 Coniuges:
916 2563 967 2598 At
983 2589 992 2602 ,
1016 2574 1092 2597 curn
1114 2562 1282 2598 Clausula
1307 2563 1344 2598 in
1356 2560 1539 2598 Pontificio
1554 2558 1659 2597 Brevi
1677 2559 1769 2602 adje-

346 2595 397 2628 &a
410 2598 509 2651 effet,
532 2611 603 2654 fluae
621 2602 710 2640 solet
725 2609 849 2654 apponi
866 2634 874 2646 ,
899 2612 988 2661 quod
1001 2610 1060 2657 ipsi
1080 2636 1090 2649 ,
1116 2619 1156 2644 ut
1170 2610 1316 2662 efferunt
1331 2635 1341 2648 ,
1367 2611 1404 2645 de
1425 2608 1764 2660 nohiligenere'pro-

352 2645 629 2683 coeanensium
645 2675 654 2688 ‚
679 2657 819 2700 negavit
848 2654 1031 2700 Episcopus
1057 2668 1178 2702 exequi
1205 2657 1399 2691 mandatum
1427 2654 1615 2700 prineipale
1637 2680 1648 2695 ,
1671 2654 1765 2700 quod

346 2698 502 2739 putaret,
525 2691 563 2724 de
584 2693 647 2730 hac
662 2700 847 2737 nobilitate
867 2714 936 2737 non
953 2702 1102 2737 constare
1119 2731 1125 2739 .
1154 2703 1326 2750 Coniuges
1346 2703 1458 2749 itaque
1484 2702 1764 2783 libellumlobtu-

1662 2756 1764 2782 erunt
