1874 2961
74 152 234 201 aequitate
248 151 395 197 vulgatae
410 151 435 185 I.
454 150 594 186 curabit
608 177 618 191 ,
644 150 749 184 donec
762 149 905 194 pretium
923 149 1086 185 bonorum
1116 151 1410 189 haereditariorum
1424 118 1490 190 sgl3.

74 209 214 237 veretur
225 223 234 233 .
266 199 327 232 rtis
340 211 357 233 a
372 199 537 244 Capivulo
549 199 676 233 auditis
690 224 698 236 ‚
726 209 743 231 e
757 209 789 232 re
803 197 856 235 sua
869 196 931 232 esse
946 198 1076 233 censuit
1096 199 1219 233 iterum
1236 201 1351 234 Caroli
1378 201 1491 237 latre-

72 248 216 282 ditatem
228 246 317 280 adire
330 273 337 286 ‚
367 250 399 281 3<
418 245 696 292 protestationem
708 246 864 280 emittere
877 244 919 280 de
935 245 1062 287 juribus
1077 248 1316 282 detractorium
1335 248 1429 282 sartis
1442 261 1490 284 te-

75 294 137 330 ctis
154 292 327 330 servandis
342 319 350 332 ,
376 304 477 341 atque
493 295 538 328 ita
554 293 797 338 obligationem
810 291 948 336 suscepit
964 294 1060 327 Sacra
1075 320 1084 333 ,
1105 305 1178 342 quie
1204 293 1352 328 l'estator
1366 296 1490 331 volue-

73 352 125 378 rat
139 341 258 388 agendi
273 352 337 388 pro
353 339 493 376 intrant1
509 341 633 378 sununa
646 340 811 375 scutorum
826 346 874 374 60
902 339 997 381 juxta
1010 339 1224 376 oblationem
1234 339 1350 376 faciam
1365 354 1382 375 a
1396 342 1489 377 Gal-

70 390 122 426 lio
139 401 149 426 3
175 389 226 424 sed
241 399 317 423 cum
337 401 373 422 ea
386 414 395 427 ,
421 400 491 432 qux
503 390 547 423 de
561 388 819 423 detraClionibus
834 387 1034 423 dicebantur
1047 414 1056 429 .
1078 388 1186 430 Judici
1214 400 1280 423 non
1297 387 1486 431 placerent,

72 436 245 473 Canonici
277 435 398 470 iterum
428 437 664 484 Amplissimos
693 436 801 470 Patres
815 445 904 470 novo
930 434 1052 469 libello
1065 437 1221 478 adierunt
1238 463 1245 473 ,
1272 446 1340 481 quo
1359 435 1486 472 salva„

75 481 300 521 Prxlatione‚
330 494 430 527 quam
445 484 504 519 sibi
537 484 586 518 uti
604 482 788 518 hxredibus
814 481 979 517 testatoris
1002 482 1114 518 deberi
1140 483 1305 529 putabant
1330 481 1486 518 adversus

74 530 290 566 Benedxclum
309 529 465 565 Gallium
481 558 489 567 ,
508 531 720 576 postulabant
735 556 743 569 ‚
772 540 806 563 ut
818 531 950 564 ratione
966 530 1079 564 habita
1096 530 1318 575 impensarum
1332 555 1342 569 ,
1371 530 1401 563 &
1415 530 1485 564 de-

74 578 277 615 tractionum
294 575 388 611 ficret
402 589 421 612 a
441 578 580 613 vicario
593 577 755 612 Generali
769 577 843 615 ‚cui
859 575 1036 621 negocium
1056 588 1152 614 omne
1167 577 1386 612 mandaverat
1409 577 1486 621 Epi-

76 627 213 671 scopus,
240 624 427 659 diminutio
447 626 638 661 Sacrorum.
668 623 925 659 Eminentiflimi
941 625 1078 662 Patres,
1101 625 1236 663 audito,
1263 633 1299 658 ut
1312 623 1411 658 moris
1426 622 1485 663 est,

80 672 243 719 Episcopo
257 698 266 712 ,
290 674 328 706 ad
345 671 495 706 libellum
508 672 663 716 Capituli
678 672 734 706 die
750 683 796 712 ις.
818 669 1166 712 Juniitransactianni
1186 682 1281 716 1744.
1303 670 1484 714 rescripse-

77 731 155 757 runt
179 736 206 745 —-
227 720 406 754 ordinario
423 742 433 756 ‚
459 721 694 770 quiprocedat
709 721 751 754 -zd
771 719 1052 756 deliberationem
1066 720 1136 763 affis
1150 720 1365 756 haercditarii
1375 727 1483 765 prout

34 794 38 797 .
78 767 202 814 dejure
221 790 230 802 .

33 817 127 854 Hinc
140 813 251 848 Edicto
270 813 437 858 proposito
455 843 464 856 ,
490 817 522 851 8<
538 816 687 852 adventa
713 815 918 850 licitationts
946 814 1027 853 die,
1054 813 1235 860 Philippus
1261 812 1482 848 Ciccolanius

79 861 194 898 alieno
209 863 348 896 nomine
364 887 374 900 ‚
399 861 451 897 sed
466 863 691 902 declarando,
717 862 764 897 ita
775 861 967 897 oblationes
981 862 1077 896 auxit
1090 888 1099 901 ‚
1124 872 1160 895 ut
1178 860 1312 895 venerit
1339 862 1377 894 ad
1394 861 1483 894 sum-

75 920 163 945 mam
189 907 230 943 sc.
252 918 351 948 2301.
370 908 434 944 sese
448 913 626 956 pecuniam
640 920 892 947 numeraturum
908 909 1018 944 dicens
1032 907 1140 953 spatio
1165 907 1343 943 duodecim
1372 917 1482 941 anno-

33 998 37 1004 ·
75 967 175 995 rum,
201 964 302 1000 atque
317 955 378 991 hoc
391 958 677 1003 temporesructus
690 958 768 998 sc.3.
794 957 827 991 in
844 955 987 1003 singulos
1014 966 1119 990 annos
1134 981 1143 994 ,
1169 953 1361 1001 singulaque
1385 965 1480 989 num-

75 1014 168 1040 mum
181 1011 347 1042 centena3
370 1003 422 1038 sed
439 1003 634 1041 Benedictus
649 1003 788 1040 Gallius
812 1015 888 1038 eum
911 1002 1019 1041 vicit,
1053 1013 1132 1037 nam
1151 1001 1276 1037 obtulit
1304 1002 1456 1041 sc.2502.
1471 1028 1482 1040 ‚

77 1052 193 1090 iisdem
205 1060 314 1085 tamen
329 1051 594 1092 conditionibus,
611 1063 693 1098 quas
706 1049 905 1098 expresserat
920 1050 954 1084 in
971 1049 1176 1095 praecedenti
1187 1049 1369 1087 oblatione,
1382 1058 1482 1093 quam

73 1100 170 1145 supra
187 1097 469 1135 memoravimus.
496 1099 673 1135 Continuo
693 1099 839 1135 extincta
861 1096 1001 1132 candela
1015 1096 1060 1131 est
1077 1123 1086 1135 ,
1113 1097 1144 1130 &
1172 1096 1336 1131 continuo
1367 1095 1408 1130 lis
1422 1095 1481 1129 in-

72 1157 127 1183 ter
143 1145 330 1181 licitatores
345 1143 486 1180 exarsit:
512 1146 734 1182 Ciccolanius
748 1144 942 1181 nominavit
966 1143 1118 1178 Priorem
1138 1142 1376 1178 Cavallinium
1389 1167 1399 1182 ,
1421 1141 1479 1188 qui

73 1195 111 1230 in
121 1193 250 1235 Judicio
264 1191 459 1227 defendebat
469 1193 662 1229 servandum
676 1193 738 1229 effe
748 1193 892 1228 edictum
904 1216 915 1231 ‚
936 1203 1000 1238 quo
1014 1191 1099 1225 bona
1114 1189 1274 1230 meliori,
1296 1200 1362 1224 non
1392 1189 1482 1223 ulti-

72 1253 126 1277 mo
140 1240 286 1274 oblatori
305 1239 588 1285 promittebantur
601 1266 612 1280 ‚
636 1242 736 1286 longe
746 1251 832 1276 vero
846 1238 1019 1273 meliorem
1044 1236 1106 1272 esse
1131 1237 1342 1272 oblationem
1365 1234 1454 1270 suam
1468 1263 1478 1277 ,

74 1288 182 1324 altera
194 1285 306 1323 Gallii
323 1286 429 1332 spreta
442 1311 452 1326 ,
472 1287 535 1322 vili
548 1289 698 1325 auffione
711 1288 793 1324 scuti
807 1286 924 1320 unius:
951 1283 1082 1321 Contra
1098 1285 1234 1319 Gallus
1248 1283 1306 1318 sibi
1326 1285 1409 1317 bona
1420 1285 1477 1317 ad-

71 1335 210 1369 dicenda
236 1333 298 1368 effe
313 1334 536 1370 contendebat
553 1361 563 1374 ‚
588 1336 647 1380 qui
672 1335 811 1370 ultimus
836 1332 966 1371 suerat,
992 1333 1022 1366 ὃ(
1044 1331 1167 1367 melior
1194 1331 1371 1368 licitator,
1400 1330 1478 1366 dum

70 1381 260 1415 oblationes
283 1390 398 1415 omnes
413 1391 553 1416 auxerat
566 1407 577 1420 ‚
601 1382 634 1416 8(
649 1393 774 1416 novam
786 1379 907 1421 Judicii
933 1381 1051 1414 calore
1077 1378 1291 1413 oblationem
1308 1376 1390 1412 fecit
1415 1376 1478 1412 sol-

70 1427 176 1462 vendi
192 1429 338 1472 pretium
349 1425 499 1461 oblatum
511 1431 544 1462 in
559 1431 704 1464 termino
715 1431 826 1466 decem
839 1438 1000 1462 annorum
1015 1451 1026 1465 ,
1053 1428 1253 1462 &interim
1268 1437 1394 1460 annuos
1403 1424 1479 1468 fru-

72 1476 146 1510 Has
158 1473 259 1517 juxta
273 1474 477 1511 obl-itionem
492 1500 501 1513 ,
520 1486 619 1520 quam
638 1473 762 1510 fecerat
776 1501 784 1510 .

23 1520 228 1568 Capitulum
242 1545 253 1559 ‚
273 1531 314 1555 ne
328 1519 455 1566 aliquid
470 1532 511 1557 ex
526 1521 576 1556 his
590 1520 784 1557 detrimenti
798 1528 940 1568 caperet
955 1546 964 1559 ‚
988 1517 1270 1566 protestationem
1286 1516 1420 1557 emisit,
1433 1530 1476 1553 ne

72 1569 160 1605 bona
169 1567 437 1604 deliberarentur
452 1593 462 1606 ,
488 1568 546 1604 nisi
561 1568 682 1605 statuto
702 1568 846 1604 termino
860 1569 904 1604 ad
918 1566 1157 1602 declarandum
1172 1593 1180 1606 ,
1210 1577 1252 1600 an
1264 1565 1337 1606 jure
1362 1566 1474 1599 haere-

70 1615 193 1651 ditario
206 1613 324 1650 Caroli
338 1614 531 1651 Testatoris
546 1618 651 1653 vellet
673 1616 843 1659 praeferri:
873 1612 1115 1660 Ampliandam
1140 1622 1221 1648 tunc
1248 1613 1352 1654 Judex
1376 1611 1476 1648 essm

70 1661 201 1697 censuit
215 1688 224 1701 ‚
242 1662 316 1697 inde
328 1671 464 1707 accepta
483 1664 597 1699 scheda
615 1676 632 1698 a
660 1663 838 1699 Benedicto
851 1661 967 1696 Gallio
980 1689 989 1702 ‚
1017 1672 1080 1706 qua
1108 1660 1174 1694 sese
1196 1661 1391 1711 obligatum
1416 1671 1477 1695 vo—

72 1709 162 1744 lebat
171 1720 240 1745 non
253 1709 290 1743 ad
305 1709 460 1745 solvenda
476 1719 604 1746 tantum
614 1711 804 1753 scut.2502.
820 1711 910 1746 intra
925 1717 1056 1754 tempus
1067 1706 1254 1751 expressum
1279 1708 1298 1741 d
1313 1718 1395 1740 ·cem
1407 1718 1475 1741 an-

70 1767 190 1792 norum
202 1783 212 1796 ,
230 1755 372 1792 seetiam
387 1757 486 1794 unica
497 1758 661 1794 solutione
676 1787 686 1800 ‚
710 1756 860 1794 decrevit
881 1757 1063 1792 secundum
1080 1755 1294 1791 Benedictum
1307 1752 1475 1794 Gallium,

69 1803 165 1842 cuius
176 1804 302 1847 favore
325 1803 440 1840 voluit
455 1811 543 1841 Bona
557 1805 694 1843 [labilia
715 1806 934 1842 hereditaria
955 1804 1030 1847 fore
1045 1828 1054 1840 ‚
1084 1807 1127 1838 Θ
1152 1802 1210 1847 effe
1231 1801 1447 1837 dclii'neramz't„r
1466 1825 1476 1836 .

69 1849 274 1930 Capitulum
285 1876 294 1890 ,
321 1853 409 1896 quod
422 1851 473 1893 jus
487 1852 610 1887 habere
622 1852 831 1897 praelationis
857 1849 1109 1887 contendebat,
1134 1849 1175 1883 ab
1190 1848 1252 1882 hoc
1264 1850 1403 1882 decreto
1417 1858 1478 1892 ap-

68 1897 124 1943 pel
144 1897 218 1932 avit
230 1897 271 1932 ad
287 1897 516 1944 Amplissimos
534 1900 663 1939 Patres,
679 1902 710 1935 &
724 1911 800 1934 cum
814 1897 1003 1933 obtinuerit
1017 1896 1193 1930 ceffionem
1206 1895 1334 1935 Jurium
1349 1906 1366 1928 a
1383 1894 1478 1929 Prio-

67 1954 102 1978 re
115 1944 314 1980 Cavallinio
327 1971 337 1984 ,
369 1945 516 1992 disputat
528 1956 647 1982 contra
662 1947 818 1982 Gallium
837 1948 875 1981 de
887 1945 1050 1980 nullitate
1063 1943 1190 1977 decreti
1211 1941 1477 1982 deliberationis,

68 1991 101 2027 ἃ
127 1991 192 2027 five
206 1991 425 2037 inspiciantur
443 1994 515 2036 jura
527 1993 610 2030 cessa
625 2007 642 2029 a
656 1993 861 2030 Cavallinio
874 2017 884 2031 ‚
907 1991 972 2026 five
985 1990 1072 2025 ratio
1086 1989 1392 2030 habeaturjurium,
1403 2000 1476 2034 qux

66 2038 314 2080 ad3Can0nicos
334 2039 504 2085 pertinent
518 2067 527 2080 ,
551 2042 600 2076 uti
616 2041 759 2077 haeredes
776 2038 968 2075 substitutos
981 2066 991 2079 ,
1017 2037 1248 2083 praelationem
1262 2035 1402 2071 omnino
1416 2034 1475 2071 fibi

64 2085 210 2120 dandam
223 2084 287 2119 esse
301 2087 474 2122 contendit
492 2114 499 2121 .
525 2088 661 2123 Factum
675 2101 757 2124 vero
773 2087 870 2128 hujus
883 2086 1000 2121 Causae
1017 2083 1179 2120 diffusum
1204 2083 1305 2118 nimis
1323 2109 1332 2121 ‚
1357 2084 1389 2117 &
1421 2083 1475 2118 la-

64 2141 139 2166 tum
164 2144 224 2167 nos
251 2136 368 2178 cogit,
394 2144 430 2168 ut
446 2136 686 2176 arationibus,
706 2147 788 2181 quas
814 2134 1014 2177 Capitulum
1045 2141 1177 2166 tantum
1203 2130 1238 2164 in
1264 2130 1322 2165 suo
1354 2129 1473 2165 libello

62 2179 244 2226 proposuit
261 2205 271 2218 ‚
297 2180 538 2221 abstineamus,
566 2181 713 2218 aGallio
735 2182 825 2217 enim
852 2181 937 2215 nihil
966 2180 1121 2214 hactenus
1144 2178 1345 2216 habuimus;
1371 2187 1472 2223 pote-

64 2235 145 2262 runt
159 2238 214 2261 eas
229 2226 433 2272 Ampliffimi
450 2228 563 2263 Patres
577 2229 688 2275 legere
704 2229 739 2264 in
754 2228 872 2263 eodem
888 2226 1007 2263 libello
1020 2253 1030 2266 ,
1057 2236 1095 2262 ut
1107 2251 1118 2265 ,
1141 2225 1294 2261 omnibus
1305 2237 1396 2272 aequa
1410 2226 1472 2267 Ju-

64 2272 104 2310 sti
123 2272 161 2309 ix
178 2275 258 2308 libra
272 2275 439 2321 perpensis
452 2301 462 2314 ,
486 2274 669 2311 definiant.

21 2319 81 2358 An
107 2319 329 2356 substineatur
356 2322 557 2358 deliberatio
573 2323 661 2359 Affis
677 2323 906 2363 haereditarii,
930 2322 974 2358 de
1000 2332 1067 2368 quo
1092 2319 1203 2366 agitur
1218 2319 1335 2356 favore
1366 2319 1471 2354 Bene-

66 2368 144 2450 (1]ῗί
157 2368 256 2450 galli
271 2396 282 2411 ‚
302 2368 357 2405 seu
371 2369 487 2418 potius
503 2383 563 2418 pro
583 2371 700 2406 eodem
730 2370 846 2418 pretio
869 2380 1044 2419 competat
1065 2367 1223 2406 Ptaelatio
1249 2367 1413 2412 Capitulo
1435 2366 1471 2401 in

64 2426 106 2452 ca
124 2428 145 2451 u
191 2427 221 2452 c.

111 2510 289 2557 Negative
302 2515 409 2559 quoad
422 2513 561 2559 primam
574 2522 701 2557 partem
714 2541 722 2549 .
746 2513 963 2549 Affirmative
983 2514 1090 2560 quoad
1105 2511 1282 2548 secundam
1306 2509 1394 2545 facta
1415 2517 1472 2544 ta-

17 2567 98 2592 men
112 2559 321 2604 obligatione
335 2571 393 2605 pei·
408 2561 610 2602 Capitulum
627 2562 821 2597 celebrandi
837 2559 951 2596 Missas
965 2563 1060 2603 juxta
1071 2569 1247 2595 numerum
1259 2556 1470 2602 praescriben-

19 2603 95 2656 dum
110 2604 153 2637 ab
167 2605 329 2657 Episcopo
342 2620 402 2650 pro
415 2620 484 2644 rata
496 2607 689 2644 reddituum
703 2608 1040 2652 correspondentiam
1055 2605 1196 2656 capitali
1213 2607 1329 2640 oblato
1355 2617 1373 2639 a
1386 2602 1471 2638 Gal-

17 2650 68 2685 110
83 2651 121 2684 ad
135 2661 300 2688 rationem
311 2656 411 2690 trium
426 2658 596 2692 scutorum
612 2668 676 2703 pro
689 2655 885 2691 centenario
901 2681 910 2694 ,
935 2656 967 2690 &
982 2655 1204 2702 eleemosynae
1219 2661 1385 2701 perpetuae
1399 2650 1470 2686 abs-

18 2708 84 2744 que
93 2697 146 2744 spe
157 2699 351 2738 reductionis
363 2714 405 2739 ex
420 2703 515 2740 causa
531 2703 808 2739 deteriorationis
822 2700 992 2738 Bonorum
1006 2729 1016 2744 ‚
1039 2704 1070 2740 &
1087 2702 1229 2749 amplius
1248 2728 1257 2737 .

117 2749 296 2784 Tom.XlV.
913 2749 942 2785 Ε
1344 2745 1470 2781 POLI.
