1883 2907
392 131 408 144 .,

385 129 467 202 {nint
484 189 495 204 ‚
528 158 700 195 haeredum
718 155 851 193 duqus
869 153 1087 192 Laurentius
1103 154 1362 192 seseconvertit
1375 156 1418 192 ad
1434 155 1543 195 Com.
1560 155 1787 202 Geminium,

380 223 533 261 eumque
550 209 720 256 rogavit,
751 218 790 245 ut
806 217 946 254 urgeret
982 205 1078 253 apud
1106 207 1200 254 ipsos
1231 207 1384 244 haeredes
1413 210 1511 256 pium
1536 208 1788 256 Cappellaniae

378 277 471 312 opus
486 263 592 310 juxta
614 269 735 298 votum
751 259 952 297 Testatoris
973 257 1181 301 Vincentii,
1214 259 1247 295 8<
1282 271 1390 306 penes
1424 259 1640 306 Episcopum
1672 260 1791 307 legiti.

376 328 471 351 mum
492 314 696 351 ultimarum
712 311 934 351 voluntatum
961 321 1217 362 exequutorem
1233 337 1244 355 ‚
1278 312 1311 349 &
1330 311 1503 351 vindicem
1519 339 1527 348 .
1556 310 1789 348 obstiterunt

375 366 507 403 Bracci
533 363 707 400 creetioni
735 362 980 410 Cappellaniae
998 388 1007 399 .
1036 362 1288 400 contendentes
1320 364 1425 400 verba
1441 361 1661 402 Testamenti
1691 365 1784 399 acci-

373 417 507 466 pienda
521 415 585 451 csse
600 418 643 454 de
663 413 904 461 Cappellania
920 412 1074 449 saeculari
1091 439 1101 454 ‚
1135 425 1204 448 non
1223 412 1454 452 ecclesiastica
1471 442 1482 459 ‚
1511 412 1674 461 nihilque
1693 414 1790 450 addi-

377 480 452 504 tum
470 482 488 503 a
509 466 698 504 'sestatore
716 463 945 501 defendentes
963 465 998 499 in
1015 462 1165 500 secunda
1181 463 1429 502 substitutione
1458 475 1584 513 praeter
1601 475 1787 502 numerum

376 520 570 556 Sacrorum
590 545 598 553 .
616 515 813 551 Cervinius
831 524 943 552 tamen
963 524 1167 562 exequutor
1180 516 1481 554 Testamentarius
1503 527 1568 551 nec
1583 515 1644 550 fibi
1656 514 1787 560 defuit,

375 583 440 606 nec
456 568 614 605 testatori
635 567 698 603 suo
716 566 912 602 Laurentio
929 579 938 601 :
973 565 1176 615 Episcopus
1205 579 1242 603 re
1257 565 1442 616 perspecta
1457 594 1468 610 ‚
1499 567 1613 603 erexit
1629 567 1793 614 Cappel-

375 623 504 658 lania-n
522 622 554 653 in
571 619 713 654 titulum
733 628 811 653 vere
828 618 1112 661 ecclesiasticum,
1132 618 1313 658 reservato
1333 619 1406 655 iure
1422 616 1627 654 nominandi
1645 617 1791 655 Braccis

376 671 541 708 masculis
557 698 565 707 .
596 671 669 705 Res
685 669 805 705 deflata
824 669 876 708 est
891 671 934 705 ad
951 670 1019 707 hoe
1032 668 1179 707 Sacrum
1198 671 1372 711 Tribunal
1387 697 1398 713 ‚
1430 671 1465 705 8<
1494 681 1560 717 pro
1594 679 1678 705 vera
1693 666 1795 717 Cap-

377 723 541 772 'pellaniae
557 720 794 757 ecclefiasticae
809 729 935 757 natura
970 730 1104 768 pugnat
1121 723 1318 760 Cervinius
1334 749 1345 764 ‚
1375 731 1413 758 ut
1434 719 1703 757 Eminentiffimi
1722 719 1795 755 Pa-

376 784 448 810 tres
465 774 497 808 in
514 774 590 820 ejus
607 773 730 807 libello
750 772 870 818 legere
891 782 1075 819 poterunt:
1089 771 1255 816 Braccius
1270 774 1360 810 nihil
1377 771 1545 809 haetenus
1559 772 1664 810 nobis
1678 769 1793 809 dedit:

375 824 534 876 Qaestio
550 823 753 859 definienda
790 835 860 858 uno
879 823 1004 859 Dubio
1020 825 1252 863 concluditur
1269 853 1278 864 .

328 876 393 914 An
408 877 534 914 ercft'io
552 874 799 922 Cappfz'lam'ae
823 875 891 920 sith
923 876 1035 911 titulo
1050 875 1269 925 Sanffiffimae
1284 876 1595 913 Annunciatfonis
1613 873 1722 912 B.M.
1731 875 1781 911 V
1778 896 1792 911 .

418 927 519 975 fizfla
532 936 599 974 per
616 926 849 964 Ordinarimn
878 929 917 962 in
930 926 1085 976 'Ecclesia
1102 926 1322 967 cathedrali
1352 930 1494 967 Montis
1512 925 1793 972 Politianificb-

407 1000 410 1001 ν
421 978 602 1030 stineatur
619 980 658 1014 in
672 978 751 1026 casu
764 975 834 1019 &a

405 1150 410 1158 v
426 1130 673 1171 HEATINA
704 1131 1034 1172 ERECT10NIS
1060 1134 1327 1174 THEOLOG
1338 1137 1451 1176 ALls
1467 1163 1477 1174 .
1494 1133 1615 1171 Tanta
1630 1130 1678 1169 est
1693 1133 1787 1172 inter

441 1184 515 1219 duo
532 1185 707 1232 (iapitula
723 1211 734 1228 ‚
770 1184 805 1220 ὃς
824 1184 1032 1222 Canonicos
1045 1186 1191 1223 duarum
1206 1187 1394 1234 infignium
1411 1215 1422 1232 ‚
1458 1189 1492 1225 8<
1517 1185 1783 1221 parochialium

371 1232 607 1271 Ecclefiarum
628 1235 727 1273 vasti
743 1260 754 1277 ‚
784 1243 936 1282 quarum
963 1249 1034 1272 una
1067 1238 1105 1277 S.
1128 1239 1254 1275 Mariae
1272 1239 1453 1288 Majoris,
1484 1238 1598 1274 altera
1628 1236 1668 1274 S.
1685 1235 1788 1272 Petri

371 1297 626 1334 nuncupantur
639 1313 651 1329 ‚
678 1285 851 1323 emulatio
866 1314 876 1330 ‚
896 1287 930 1322 8<
951 1291 1138 1326 contentio
1153 1316 1164 1333 ‚
1198 1299 1238 1327 ut
1254 1300 1431 1338 perpetuo
1445 1287 1717 1331 contradicant,
1748 1287 1787 1323 &

374 1337 553 1383 Populus,
570 1349 612 1373 ac
628 1337 762 1375 Clesus
777 1339 882 1374 unius
902 1340 1083 1376 ,s'arochiae
1103 1353 1147 1377 ne
1168 1341 1359 1378 Ecclesiam
1378 1343 1524 1378 alterius
1544 1339 1784 1388 ingrediatur.

372 1390 594 1434 Cogitarunt
610 1389 790 1426 Canonici
811 1389 1032 1426 parochialis
1050 1391 1208 1428 Ecclesiae
1235 1393 1284 1433 D.
1304 1394 1398 1430 Petri
1413 1391 1643 1429 t’raebendam
1670 1389 1790 1426 Theo-

373 1440 530 1486 logalem
557 1437 591 1475 in
616 1440 737 1477 eadem
756 1441 966 1487 Collegiata
995 1443 1155 1487 erigere:
1185 1444 1376 1481 Continuo
1401 1444 1470 1480 sese
1485 1440 1788 1478 Contradiftores

370 1489 605 1538 praestiterunt
632 1491 812 1527 Canonici
843 1492 993 1529 alterius
1012 1492 1178 1531 Ecclefiae
1202 1494 1241 1534 S.
1261 1496 1381 1532 Mariae
1398 1494 1550 1537 Maioris
1567 1520 1578 1530 .
1611 1492 1784 1538 Rogatus

372 1544 495 1591 itaque
524 1541 604 1585 fuit·
625 1540 669 1578 ab
687 1542 921 1589 Amplissimis
957 1545 1122 1583 Patribus
1145 1547 1455 1595 Archiepiscopus
1482 1545 1685 1580 Theatinus
1701 1570 1711 1585 ,
1749 1551 1790 1579 ut

375 1592 584 1629 sententiam
598 1593 734 1629 diceret
750 1594 862 1629 animi
879 1596 930 1630 sui
948 1608 960 1639 ;
990 1595 1049 1632 hic
1066 1623 1078 1640 ‚
1107 1596 1234 1633 audito
1253 1609 1405 1646 utroque
1430 1595 1612 1641 Capitulo
1630 1622 1642 1639 ,
1673 1594 1793 1630 secun-

372 1643 456 1679 dum
473 1643 679 1680 Canonicos
695 1644 734 1682 S.
754 1645 849 1681 Petri
867 1646 1077 1692 respondit,
1105 1659 1182 1683 eam
1210 1659 1329 1684 tamen
1354 1656 1457 1694 putat
1488 1649 1602 1693 legem
1633 1645 1790 1681 adicien-

371 1694 452 1730 dam
468 1721 480 1737 ‚
509 1704 550 1732 ut
565 1693 697 1732 Lectio
724 1695 763 1732 S.
777 1695 977 1744 Scripturae
992 1698 1207 1737 diversavdie
1221 1700 1282 1737 fiat
1299 1701 1335 1736 in
1353 1698 1510 1739 Ecclesia
1524 1699 1562 1736 S.
1584 1698 1695 1740 Petri,
1715 1707 1790 1747 quit.v

372 1744 411 1782 fit
439 1746 473 1781 in
485 1745 640 1782 Ecclesia
657 1745 783 1783 sanstae
801 1747 926 1785 Mariae
944 1749 1097 1797 Majoris
1113 1779 1122 1789 .
1483 1767 1485 1769 ’
1681 1773 1685 1775 ·
1714 1782 1717 1788 J

324 1795 546 1844 Proponitur
568 1798 689 1845 itaque
712 1809 803 1833 nunc
824 1797 1109 1838 Eminentiffimis
1127 1802 1294 1839 Patribus
1323 1801 1577 1840 Controversia
1604 1800 1678 1836 haec
1706 1796 1789 1834 defi-

369 1849 521 1884 nienda:
556 1847 599 1884 Et
613 1849 793 1886 Canonici
809 1849 848 1886 S.
865 1851 962 1888 Petri
989 1862 1116 1899 urgent
1131 1853 1336 1892 Tridentini
1350 1853 1616 1902 dispositionem
1630 1877 1643 1894 9
1656 1851 1784 1887 aliam·

369 1910 442 1946 que
466 1896 624 1936 Conc'ilii
640 1898 796 1936 Romani
812 1902 932 1940 timo.
950 1906 1080 1950 cap.6.-
1100 1916 1254 1952 pag‚10.
1273 1905 1410 1955 quibus
1424 1903 1666 1950 Theologalis
1687 1901 1788 1936 1²1ae-

371 1949 650 1986 bendae-ereftio
678 1953 911 1998 praecipitur:
943 1954 1092 2001 Urgent
1107 1959 1283 1994 rationem
1305 1957 1468 1999 numeri,
1496 1963 1573 1992 tum
1588 1952 1786 2000 Capitula-

370 2000 463 2036 rium
479 2028 490 2044 ‚
523 2010 598 2036 turn
614 2001 765 2040 aliorum
784 2002 1110 2043 Ecclefiasticorum
1127 2033 1137 2051 ,
1165 2009 1228 2058 qui
1243 2007 1391 2044 servitio
1416 2007 1496 2054 hjus
1525 2004 1687 2049 Ecclesiae
1718 2002 1782 2038 ad-

369 2050 494 2098 scripti
512 2051 589 2088 sunt
605 2080 616 2097 ‚
648 2061 724 2089 turn
740 2055 880 2091 demum
897 2057 1028 2103 populi
1045 2058 1152 2106 hujus
1165 2058 1347 2095 Parochiae
1365 2084 1377 2101 ‚
1406 2070 1497 2106 quos
1511 2055 1642 2093 e'rnnesv
1668 2051 1783 2090 imbui

370 2100 515 2139 scientia
543 2103 628 2142 Sac.
657 2105 880 2154 Scriptum,
909 2107 1079 2158 bonisque
1107 2110 1294 2153 moribus,
1326 2110 1362 2146 &
1388 2108 1594 2154 Disciplina
1621 2104 1790 2143 Ecclefia-

368 2149 454 2203 stica
470 2155 622 2192 maxime
649 2159 848 2202 convenit3
879 2158 1074 2197 Praesertim
1091 2172 1171 2197 cum
1197 2161 1381 2209 utriusque
1409 2161 1592 2197 Parochiae
1623 2156 1786 2203 ΡΟΡῑῑῙιις

367 2200 481 2259 studia
496 2205 530 2238 in
551 2209 736 2259 contraria
752 2208 873 2246 scissus
888 2211 938 2245 ita
955 2210 1206 2249 disconveniat
1221 2239 1231 2255 ,
1251 2222 1290 2248 ut
1307 2212 1470 2259 Populus
1485 2208 1666 2246 Parochiae
1679 2206 1787 2244 S.Pe-

367 2264 415 2288 tri
445 2255 487 2289 ad
505 2256 698 2294 Ecclesiam
716 2260 840 2295 sanciae
856 2261 982 2297 Maria:
1000 2263 1151 2312 Majoris
1185 2276 1254 2301 non
1272 2264 1420 2302 accedat
1436 2289 1447 2307 ,
1479 2272 1589 2310 atque
1614 2259 1696 2296 ideo
1725 2268 1786 2295 ca-

366 2309 442 2353 reat
455 2304 575 2342 fruetu
595 2308 790 2346 Lectionis
806 2312 921 2349 Sacrae
936 2313 1131 2360 Scriptura:
1147 2345 1156 2353 .

317 2354 402 2393 Nec
417 2365 556 2395 mutare
571 2383 583 2399 ,
613 2360 713 2407 quod
729 2362 765 2395 in
781 2363 991 2409 Collegiata
1010 2365 1170 2402 Ecclefia
1185 2366 1223 2404 S.
1245 2365 1370 2402 Mariae
1391 2363 1545 2409 Maioris
1559 2390 1570 2406 2
1599 2374 1677 2410 <11¹ae
1692 2360 1785 2397 ³⁰²5*

365 2409 472 2453 quior
486 2408 555 2451 est,
589 2408 779 2447 Praebenda
796 2412 1035 2459 Theologalis
1050 2417 1167 2452 erecta
1193 2416 1324 2458 fuerit,
1355 2417 1446 2450 itaut
1474 2413 1695 2450 satisfactum
1707 2412 1783 2460 jam

366 2456 407 2492 slt
423 2457 594 2496 Decretis
609 2460 811 2498 Tridentini
837 2478 847 2509 3
880 2477 961 2501 nam
977 2467 1075 2514 quod
1099 2467 1282 2515 antiquior
1309 2467 1372 2503 illa
1389 2464 1541 2504 ecelesia
1566 2465 1784 2510 Collegiata

365 2505 432 2550 fit,
460 2521 529 2546 non
545 2511 665 2555 facit,
698 2514 810 2561 utjus
843 2515 972 2553 babeat
1000 2518 1233 2564 prohibendi,
1264 2530 1308 2554 ne
1338 2518 1374 2554 in
1390 2518 1458 2553 alia
1473 2517 1690 2563 Collegiata
1721 2515 1798 2552 ΕΟ*

367 2557 688 2617 clefia-recentiori
721 2565 916 2613 Praebenda
945 2567 1189 2616 Theologalis
1218 2570 1312 2617 erigi
1343 2567 1470 2616 poffit':
1499 2567 1633 2619 Neque
1655 2566 1704 2603 ob
1716 2567 1780 2609 id,
1828 2602 1831 2605 ,

366 2609 467 2654 quod
482 2623 516 2645 in
530 2621 601 2668 una
617 2625 660 2650 ex
683 2615 908 2663 Collegiatis
927 2618 1095 2659 Ecclefiis
1110 2620 1229 2658 ereeta
1243 2621 1377 2657 dudum
1393 2621 1463 2656 haec
1489 2620 1598 2656 fuerit
1624 2619 1787 2656 Praeben-

366 2657 412 2694 da
427 2685 438 2703 ,
469 2670 621 2700 vetitum
647 2665 696 2702 est
712 2667 794 2707 aliis
825 2680 900 2708 eam
918 2672 1059 2719 erigere
1073 2699 1086 2716 ,
1115 2685 1197 2711 cum
1210 2673 1437 2710 contrarium
1451 2668 1608 2711 voluerit
1625 2670 1784 2728 ‘frid-en·-

1042 2735 1046 2738 ·
1699 2729 1774 2763 nul
