1883 2907
357 129 399 159 22

479 161 572 215 Ad
606 158 649 212 I.
674 196 687 216 ‚
724 156 794 209 II.
826 191 840 215 ‚
887 157 937 207 ὅ(
974 151 1066 205 ΙΧ.
1097 147 1360 218 Negativ&
1391 184 1406 208 ,
1452 150 1502 198 ὃς
1534 146 1782 216 amplius
1811 187 1825 199 .

377 233 469 287 Ad
503 229 608 284 111.
646 225 983 279 Affirmative
1004 261 1019 284 ‚
1054 219 1405 272 concurrente
1441 229 1620 266 tamen
1654 216 1786 283 justa
1807 254 1823 278 ‚

377 309 429 354 ὃς
463 296 769 352 rationabili
807 291 989 353 causa,
1024 294 1077 342 δι
1106 286 1339 355 amplius
1360 324 1371 336 .
1412 283 1504 335 Ad
1546 282 1644 339 IV.
1666 324 1681 347 ,
1719 286 1825 348 V.‚

378 375 431 423 δι
458 368 557 423 VI.
593 365 812 419 Dilata.
852 361 943 413 Ad
976 357 1073 411 VI.
1109 355 1440 410 Affirmativ&
1480 393 1496 417 ‚
1551 353 1830 424 designata

421 453 476 491 er
515 437 555 488 E
599 433 841 499 iscopum
876 430 1010 479 hora
1042 441 1319 491 congrua.
1358 441 1458 491 qua
1486 425 1695 490 expleri
1733 425 1826 475 de·-

419 508 544 559 etin
611 501 795 554 eclesia
812 493 1146 556 parochiali,
1184 497 1235 544 &
1259 494 1524 560 amplifis:
1563 493 1652 544 Ad
1674 491 1826 547 VIII.

378 574 644 643 Negativfe
665 570 732 620 ad
752 569 982 636 primam
1009 577 1252 632 partem,
1288 561 1631 614 Affirmative
1661 564 1729 615 ad
1749 563 1826 614 sc·-

380 643 615 696 cundam
638 677 654 703 ‚
690 649 919 705 excepto
955 633 1077 686 casu
1096 631 1404 685 neceffitatis
1424 669 1438 693 ,
1474 635 1524 683 ὃ(
1550 632 1781 698 amplios
1812 670 1825 683 .

271 802 281 813 .
413 770 759 809 RAVINEN.Data
772 766 924 803 fuithaec
944 766 1042 802 causa
1065 765 1098 800 in
1124 766 1386 810 congregatione
1407 761 1523 800 habita
1539 765 1593 800 die
1615 773 1675 806 ις.
1696 760 1829 798 transa-

48 829 87 865 de
103 828 175 874 Res,
312 774 401 862 G
425 820 604 856 CtiMenfis
628 815 822 855 Februarii,
846 814 901 850 sed
927 811 1142 860 Amplissimi
1166 813 1280 848 Patres
1296 811 1505 847 indulserunt
1519 809 1678 846 dilationi
1695 838 1705 852 ,
1728 820 1829 862 qoam

47 867 53 872 ⁸
358 869 499 916 petebat
515 865 709 902 canonicus
737 860 987 901 Santomafius‚
1008 859 1134 905 aliique
1149 858 1367 904 Capitulares
1388 883 1399 894 .
1422 857 1630 903 Proponitur
1653 870 1746 894 nunc
1760 865 1830 892 ita-

358 927 423 962 que
436 941 447 955 ,
470 922 508 950 ut
528 912 683 949 consulto
699 909 824 946 iterum
834 909 922 952 folio
946 909 1044 943 illius
1078 909 1353 953 congregationis
1368 932 1379 948 ,
1414 905 1611 951 respondere
1628 906 1777 950 possint.

316 969 376 999 An
404 965 623 999 canonicatus
638 955 784 999 Ecclesia
809 955 1022 991 cathedralis
1050 957 1238 990 Gra-vinem
1253 955 1450 990 declarandi
1466 953 1535 997 sint
1560 956 1823 995 Sacerdotalcs.

361 1012 453 1045 itaut
470 1008 625 1044 canonici
637 1017 702 1040 non
727 1003 881 1050 promoti
902 1009 1085 1038 teneantur
1105 1000 1142 1044 se
1160 1003 1363 1047 promoveri
1379 1000 1495 1044 facere
1513 1001 1557 1035 ad
1579 999 1726 1044 formam
1742 1007 1825 1039 Con-

360 1057 437 1092 cilit'
460 1058 497 1092 in
527 1053 603 1097 casu
630 1055 706 1090 &c-

479 1126 668 1192 Dilata
702 1175 717 1198 ,
754 1140 803 1188 ὃς
832 1133 899 1185 ad
933 1131 1006 1186 D.
1044 1134 1397 1186 Secretarium
1437 1171 1451 1195 ‚
1487 1134 1579 1202 qui
1606 1134 1822 1187 mandet

382 1206 708 1276 compulsari
735 1204 846 1256 aesta
870 1243 882 1255 .

49 1342 125 1390 Seff.
139 1353 193 1389 23.
204 1359 231 1383 c.
246 1355 279 1380 2.
421 1333 774 1382 PPIDEN-Qaestio
795 1333 867 1369 haec
884 1361 894 1376 ‚
931 1345 1008 1380 quae
1032 1333 1143 1381 agitur
1169 1335 1260 1370 inter
1279 1333 1515 1370 Alexandrum
1536 1333 1694 1371 Zerbium
1709 1333 1828 1370 Proto-

313 1340 405 1425 Ο
428 1397 547 1433 papam
561 1385 591 1419 S.
611 1380 793 1418 Christinae
809 1406 820 1421 ,
844 1382 878 1417 &
900 1381 1138 1418 Promotorem
1163 1381 1331 1418 Fiscalem
1345 1381 1460 1416 Curiae
1487 1380 1693 1427 Episcopalis
1715 1381 1825 1428 Oppi·

359 1433 464 1470 denfis
480 1432 588 1479 quoad
602 1430 697 1465 usum
722 1430 901 1465 Mozzettae
914 1454 925 1468 ,
950 1440 1050 1474 quam
1065 1429 1123 1464 fibi
1140 1428 1251 1465 afferit
1275 1428 1332 1464 hic
1348 1428 1544 1476 Protopapa
1560 1455 1569 1468 ,
1595 1431 1628 1464 ὃς
1642 1429 1758 1475 quoad
1769 1429 1825 1465 se·-

358 1480 437 1516 dem
459 1477 650 1515 distinssam
669 1476 706 1511 in
727 1477 849 1512 Choro
865 1487 884 1511 a
906 1475 1050 1512 scamnis
1076 1476 1229 1512 aliorum
1250 1476 1293 1511 de
1310 1475 1417 1511 Clero
1431 1501 1440 1516 ‚
1465 1475 1601 1511 deducta
1619 1477 1683 1512 fuit
1698 1479 1736 1511 ad
1760 1477 1826 1512 hoc

359 1529 498 1563 Sacrum
511 1523 682 1560 Tribunal
696 1535 785 1559 anno
802 1533 899 1571 ¹7²2·
915 1549 926 1562 ‚
949 1534 1029 1559 nam
1044 1523 1080 1559 in
1104 1525 1196 1560 Folio
1220 1526 1517 1569 congregantionis
1543 1524 1666 1560 habitae
1695 1527 1749 1559 die
1772 1534 1823 1566 ¹4·

359 1578 487 1611 Martii
498 1574 598 1609 illius
623 1574 726 1611 anni,
753 1572 844 1618 quod
858 1570 894 1606 in
921 1570 1032 1607 lucem
1059 1572 1228 1606 hominum
1243 1571 1372 1605 editum
1384 1569 1451 1604 fuit
1476 1572 1551 1606 Vol.
1563 1575 1606 1604 ΙΙ.
1626 1573 1825 1612 Thesauae-

354 1623 419 1668 sol.
447 1628 554 1656 Sacra
579 1625 781 1667 Congr.pag.
799 1624 871 1659 138.
886 1622 928 1655 Θ·
944 1620 1017 1665 seq.
1036 1618 1125 1654 inter
1140 1618 1217 1653 <alia
1229 1617 1328 1653 dubia
1343 1616 1547 1663 propositum
1561 1617 1627 1652 fuit
1639 1617 1705 1654 111.
1720 1645 1730 1658 ‚
1755 1628 1822 1664 quo

359 1669 596 1715 quaerebatur,
620 1674 679 1704 An
703 1669 790 1702 dicto
814 1673 1012 1713 Protopapae
1036 1667 1144 1702 liceat
1158 1667 1275 1709 sedere
1291 1669 1326 1701 in
1353 1666 1454 1701 choro
1469 1665 1592 1706 insede
1606 1669 1788 1701 committis
1813 1692 1825 1707 ,
1851 1686 1854 1687 ν

359 1715 513 1756 ιίιζθὶηὲἳα
525 1727 544 1749 a
548 1715 682 1759 scamno
707 1715 852 1750 aliorum
864 1716 904 1748 de
928 1714 1020 1748 Clero
1032 1715 1067 1749 in
1087 1714 1263 1749 audiendis
1276 1738 1285 1752 ‚
1307 1714 1369 1754 fi'u
1385 1713 1554 1755 faciendis
1575 1714 1790 1749 concionibus
1808 1741 1820 1755 ,

360 1763 505 1809 aliisque
529 1760 768 1798 Funt‘i‘ionibus
794 1759 1277 1807 Ecclefiasticisperagend1s3
1300 1758 1563 1806 Responditque
1586 1762 1723 1796 Sacrum
1741 1759 1826 1796 Tri-

359 1809 465 1844 buna!
479 1811 539 1845 Ad
553 1813 611 1841 III.
633 1811 795 1854 negative
810 1832 820 1846 ‚
841 1810 993 1853 exceptis
1006 1816 1118 1843 tamen
1135 1807 1348 1844 concionibus
1376 1807 1537 1844 habendis
1564 1809 1606 1843 ab
1626 1810 1694 1856 ipso
1717 1817 1822 1844 extra
1861 1851 1864 1854 Δ

362 1857 501 1892 chorum
521 1871 524 1876 ·
551 1855 583 1890 &
598 1854 678 1891 licet
702 1855 737 1891 in
758 1854 822 1891 IV.
837 1854 959 1890 Dubio
971 1853 1059 1890 nihil
1082 1853 1163 1891 esset
1178 1857 1217 1889 de
1235 1854 1291 1891 usu
1313 1854 1496 1891 Mozzettae
1511 1879 1521 1894 ,
1546 1855 1691 1902 legimus
1709 1862 1822 1891 tamen

360 1903 396 1938 in
410 1902 567 1949 responso
584 1903 623 1937 ad
637 1904 699 1940 lv.
720 1911 765 1939 Et
782 1905 894 1949 quoad
907 1902 999 1945 ufitm
1014 1909 1196 1939 Mezzettae
1209 1905 1456 1941 “adiuventur
1471 1902 1699 1939 Probationes
1714 1927 1724 1940 ,
1734 1903 1824 1949 prae-

355 1950 427 1991 fixo
459 1952 603 1986 termino
622 1953 686 1995 sex
710 1948 883 1992 menfium‚
907 1953 951 1987 Θ
976 1952 1117 1986 tnterim
1142 1964 1203 1987 non
1228 1950 1419 1991 molestetur
1441 1952 1477 1985 in
1503 1952 1590 1985 ditio
1603 1950 1687 1993 usu·
1706 1959 1822 1985 narrat

360 1997 500 2033 Zerbius
514 1997 549 2032 in
565 1996 623 2032 suo
637 1994 758 2034 libello
779 1996 905 2039 jurium
918 2023 930 2038 ‚
954 2005 1055 2041 quem
1071 1999 1165 2034 nobis
1178 1997 1270 2032 dedit
1284 2024 1294 2038 ,
1319 1997 1416 2033 aliud
1439 1995 1637 2044 responsum
1652 1994 1822 2032 Eminen-

359 2044 567 2080 tissimorum
590 2042 656 2081 PP.
677 2049 711 2082 in
733 2047 990 2090 congregatione
1006 2043 1119 2080 habita
1144 2047 1199 2081 die
1223 2045 1255 2081 8.
1280 2045 1430 2091 Augusti
1451 2043 1598 2086 ejusdem
1611 2045 1690 2079 anni
1719 2053 1817 2090 1712.

361 2091 474 2136 quoad
489 2091 600 2127 sedem
614 2110 636 2118 -
652 2098 849 2140 Protopapa
865 2092 960 2138 poffit
972 2091 1091 2135 federe
1106 2095 1142 2129 in
1160 2091 1238 2135 sede
1255 2094 1440 2127 eoraminis
1458 2116 1469 2132 ‚
1488 2094 1619 2137 quando
1639 2091 1730 2134 facit
1755 2103 1819 2126 ex-

361 2139 572 2175 hortationes
586 2148 761 2187 tamquam
776 2139 952 2174 Parochus
974 2141 1065 2175 inter
1078 2139 1250 2186 Miffarum
1258 2140 1418 2182 fhlimnia
1439 2141 1622 2175 dumtaxat
1634 2155 1651 2162 ·
1665 2137 1697 2171 &
1709 2137 1816 2183 quoad

361 2186 569 2221 Mezzeuam
582 2205 600 2212 -
623 2188 825 2223 ordinarius
847 2186 1059 2222 authoritate
1076 2187 1139 2231 fua
1148 2188 1360 2235 provideat,
1381 2195 1421 2221 ut
1433 2192 1591 2233 Propapa
1605 2192 1725 2220 utatur
1738 2184 1818 2227 ves-

362 2232 455 2268 tibus
472 2235 691 2279 gravitatem
706 2234 955 2270 sacerdotalem
970 2232 1162 2270 decentibus
1178 2260 1188 2274 ‚
1216 2237 1260 2271 &-
1275 2237 1369 2269 intra
1378 2235 1443 2278 sex
1468 2233 1594 2276 menses
1608 2233 1817 2268 coadiuven-

360 2289 419 2315 tur
434 2278 653 2326 probationes
669 2285 759 2316 circa
783 2289 995 2317 mezzettam
1009 2307 1019 2320 .
1044 2284 1078 2316 in
1091 2281 1186 2327 cujus
1211 2282 1270 2325 usit
1287 2283 1426 2316 interim
1442 2292 1504 2316 non
1521 2278 1713 2319 molestetur
1726 2296 1746 2303 -
1762 2278 1818 2313 sed

360 2325 544 2372 diligentur
569 2324 724 2370 inspectis
741 2325 844 2362 caufls
866 2327 1020 2363 omnibus
1035 2352 1046 2366 ,
1069 2339 1142 2374 quae
1168 2327 1283 2363 relatae
1302 2326 1438 2362 fuerunt
1461 2327 1497 2362 in
1514 2325 1642 2362 Folium
1672 2331 1818 2372 Congre-

355 2375 510 2421 gationis
523 2374 592 2409 diei
615 2380 645 2409 ε.
675 2374 823 2418 Augusti
837 2378 918 2410 anm·
938 2383 1034 2420 1723.
1051 2373 1141 2420 quod
1166 2373 1355 2418 impreffum
1375 2371 1421 2408 est
1440 2375 1560 2409 eodem
1574 2373 1648 2408 Vol.
1672 2374 1815 2423 II5The-

353 2424 446 2465 saur.
472 2421 578 2466 Refol.
600 2433 620 2454 a
639 2428 720 2467 pag.
741 2428 819 2460 204.
843 2423 885 2454 ad
890 2433 974 2467 pag.
992 2430 1075 2458 220.
1095 2421 1181 2456 hanc
1197 2419 1341 2456 Causam
1361 2420 1511 2466 reperire
1534 2429 1601 2453 non
1621 2426 1818 2464 potmmus·

316 2469 446 2504 Narrat
469 2470 572 2502 etiam
598 2467 684 2502 idem
708 2466 850 2502 Zerbius
869 2466 1055 2512 Protopapa
1078 2478 1192 2514 preces
1216 2478 1292 2502 eum
1314 2466 1474 2503 obtulisse
1487 2466 1699 2502 Sanctissimo
1711 2465 1814 2502 Prin·

361 2514 426 2559 cipi
448 2513 624 2549 Benedisto
637 2512 738 2548 xm.
753 2539 765 2554 ,
790 2515 913 2561 quibus
935 2513 1145 2560 postulabat,
1170 2526 1210 2550 ne
1236 2514 1393 2550 molestiae
1404 2516 1446 2549 ab
1466 2512 1630 2559 Episcopo
1647 2510 1811 2549 inferren-
1859 2556 1863 2560 ι

361 2570 417 2595 tur
431 2561 476 2595 ob
499 2561 594 2595 usum
617 2561 822 2601 Mozzettae‚
846 2567 890 2599 &-
910 2561 1145 2605 Sanbitffimum
1174 2561 1316 2608 annuisse
1333 2562 1439 2608 juxta
1458 2563 1573 2610 petita
1596 2565 1673 2597 ἶφι.
1691 2559 1813 2596 addita

362 2616 473 2642 tamen
485 2606 636 2642 clausula
650 2611 820 2645 dummodo
834 2617 975 2644 narrat-z
995 2611 1029 2644 in
1040 2610 1139 2644 ditiis
1154 2609 1323 2645 Precibus
1339 2611 1488 2644 veritati
1504 2611 1660 2643 nitantur
1674 2625 1709 2632 -—
1728 2609 1813 2643 Pro-

360 2653 526 2699 posnaque
541 2651 620 2688 inde
632 2654 741 2689 Causa
757 2655 791 2690 in
816 2658 1073 2702 congregatione
1097 2655 1213 2690 habita
1226 2657 1278 2691 die
1297 2665 1346 2695 17.
1367 2654 1581 2692 Novembris
1605 2656 1686 2690 anni
1712 2665 1810 2694 1725.

360 2698 562 2748 respondisse
575 2701 712 2735 Sacrum
732 2700 956 2737 Tribuna1--
980 2713 1049 2736 non
1067 2701 1236 2737 verificari
1252 2700 1398 2746 exposita
1419 2701 1553 2736 Summo
1573 2698 1727 2735 Pontifici
1741 2727 1750 2740 ,
1776 2701 1810 2736 δι

313 2773 339 2791 ρ,
363 2747 404 2785 sle
417 2759 483 2784 non
506 2755 699 2793 competere
726 2747 820 2785 usum
842 2748 1051 2790 Mezzettae,
1076 2748 1178 2785 licere
1199 2758 1310 2785 tamen
1338 2749 1535 2786 Alexandro
1561 2747 1687 2784 deferre
1711 2748 1813 2782 habi-

1699 2804 1773 2831 tum
