1883 2907
349 141 454 212 ffarius
468 177 550 209 hanc
566 175 730 207 bonorum
747 167 1040 208 haercditariorum
1052 169 1327 215 quantitatem&
1341 168 1463 215 primo,
1475 171 1567 218 quod
1579 181 1622 207 ex
1635 183 1675 208 ea
1689 175 1752 211 de·

347 222 504 258 ,sahenda
520 219 582 254 fim
606 219 793 258 scut,3342,
813 243 823 256 ‚
848 216 968 262 quanti
990 215 1064 250 sunt
1094 218 1181 251 bona
1197 217 1484 263 Emphytheutica
1499 219 1620 266 Mense
1637 222 1755 257 Abba..

346 267 468 306 tialiS,
497 277 642 313 quorum
674 262 960 299 vindicandorum
992 262 1042 303 ius
1067 289 1077 302 ,
1111 274 1214 310 atque
1247 265 1413 298 actionem
1445 263 1509 299 css'e
1539 265 1665 302 Mensa·
1691 269 1756 306 suff,-

345 316 416 350 late
450 314 600 362 disputat
631 310 925 347 Eminentissimus
950 310 1064 343 Abbas
1088 323 1098 350 3
1128 313 1218 356 quod
1262 310 1409 345 vetitum
1433 311 1472 346 sit
1493 310 1756 356 Capitularibus

347 359 621 405 dispositionibus
649 359 736 393 bona
760 357 1044 402 emphytheutica
1066 356 1132 391 sive
1161 368 1221 401 per
1247 358 1441 393 contradus
1457 383 1466 397 ,
1491 356 1559 393 sive
1583 371 1643 405 per
1667 361 1758 398 ulti-

345 418 416 442 mas
431 407 627 442 voluntates
653 403 835 439 distrahere
854 429 863 441 ‚
889 403 921 436 8<
946 402 1134 437 transferre
1163 402 1197 436 in
1224 414 1341 438 manus
1371 414 1523 441 mortuas
1551 407 1660 451 qualis
1677 407 1757 444 esset

346 465 428 499 opus
452 454 547 499 pium
561 475 569 491 ‚
603 453 638 487 in
653 451 743 497 quod
759 458 947 484 mutaretur
964 450 1127 483 voluntas
1153 447 1328 484 Canonici
1349 451 1519 486 Martini.
1552 453 1633 488 Inde
1648 454 1757 492 aliam

346 499 590 534 detractionem
615 497 765 532 diinidiae
782 498 887 542 partis
917 497 1082 532 bonorum
1111 495 1297 531 liberorum
1323 495 1381 530 sibi
1401 498 1654 534 vellehaeredes
1671 503 1755 538 Pro-

344 546 529 594 prietarios
557 547 603 588 Jo.
622 543 770 588 Baptistx
792 542 935 578 Domini
963 555 1004 578 ex
1019 543 1154 584 Juribus
1170 542 1367 578 Clementis
1384 543 1598 592 aliorumque
1612 546 1756 585 fratrum

346 593 515 628 canonici
533 592 700 632 Martini,
728 601 811 624 ‹uos
836 591 923 625 inter
950 590 1224 625 communionem
1255 590 1481 626 universalem
1508 592 1695 633 bonorum,
1725 597 1758 631 &

344 640 470 683 jurium
487 639 580 674 fuiss'e
606 604 840 675 contendunt:
864 637 933 673 Cui
961 647 1073 672 tamen
1091 638 1214 673 actioni
1236 638 1459 673 vehementer
1487 638 1602 674 obeffe
1629 640 1755 678 fatetur

345 686 631 722 Eminewiffimus
650 688 769 721 Abbas
784 683 1102 719 Commendatarius
1121 685 1271 731 legatum
1295 697 1314 720 a
1329 685 1451 732 Felice
1467 685 1619 721 Domino
1632 687 1753 724 datum

344 733 426 768 filiis
455 733 595 769 fratrum
616 760 626 774 ,
649 745 718 779 quo
746 733 894 766 vetitum
922 731 986 766 fuit
1010 732 1138 774 adJecia
1155 734 1228 778 lege
1250 733 1450 772 caducaria,
1479 733 1577 768 litem
1607 734 1759 780 aliquam

344 793 385 815 ex
407 792 625 828 quocumque
651 780 763 825 capite
792 777 918 813 inferre
940 791 950 816 ς
1001 780 1064 812 uod
1095 777 1241 825 legatum
1269 780 1420 826 agnitum
1445 780 1511 815 fuit
1535 793 1553 815 a
1581 781 1757 818 fratrum-0

346 827 451 862 filiis.
482 827 527 861 Ex
558 830 605 862 his
629 826 786 861 omnibus
812 826 952 873 colligit
977 792 1273 864 ‘iiminemissimus
1289 828 1405 863 Abbas
1428 826 1628 863 mutandam
1645 830 1758 865 omni-

346 886 394 910 no
416 873 478 908 esse
505 874 652 911 defuncti
673 874 887 912 voluntatem
906 903 912 909 .
942 873 1066 909 Modus
1083 885 1166 909 vero
1182 875 1402 914 mutationis,
1423 887 1524 922 quem
1538 877 1653 921 probat
1671 904 1679 916 ,
1698 875 1758 918 est,

347 919 537 956 utEcclesm
559 920 764 967 parochialis
793 921 953 956 Pontiani
973 949 983 961 ,
1006 933 1078 968 quae
1105 920 1240 967 angusta
1268 921 1368 956 nimis
1379 922 1426 958 est
1445 950 1453 962 ‚
1482 925 1633 968 pecuniis
1654 923 1757 965 huius

344 968 552 1003 hereditatis
585 969 769 1012 amplietur
798 994 807 1007 ‚
833 978 936 1014 utque
960 971 1024 1005 duo
1043 968 1277 1004 Canonicatus
1303 968 1336 1003 iri
1363 969 1480 1006 eadem
1501 970 1641 1006 Ecclesia
1668 982 1754 1006 con-

345 1015 528 1050 stituantur
555 1015 674 1051 favore
687 1015 967 1051 descendentium
992 1029 1009 1052 a
1024 1014 1075 1058 Jo.
1090 1015 1238 1062 Baptista
1261 1016 1415 1051 Domino
1428 1019 1558 1052 seniore
1575 1045 1586 1057 ‚
1602 1019 1682 1052 dato
1698 1017 1757 1052 iis-

345 1062 423 1096 dem
441 1073 543 1097 onere
574 1062 748 1108 prxstand'i
773 1065 954 1109 quetannis
981 1066 1062 1100 duas
1088 1063 1184 1098 dotes
1201 1063 1324 1108 puellis
1350 1064 1394 1098 ab
1408 1067 1521 1100 eodem
1535 1065 1585 1105 Jo.
1605 1063 1751 1111 Baptista

345 1110 620 1145 descendentibus
637 1140 644 1146 .

306 1162 390 1197 Haec
415 1156 541 1192 summa
554 1158 598 1191 est
615 1157 768 1203 Epistolae
786 1149 1047 1195 Eminentissimi
1065 1157 1237 1194 Abbatis:
1265 1158 1424 1196 Haeredes
1453 1168 1565 1195 autem
1595 1161 1749 1206 proprie-

294 2126 325 2175 C

347 1203 424 1238 tarii
451 1203 499 1243 Jo.
529 1203 679 1250 BaPtistae
697 1206 831 1243 Domin
855 1207 1026 1251 disputant
1051 1207 1245 1240 mutandam
1269 1205 1331 1241 ess'e
1343 1210 1384 1242 ab
1401 1209 1622 1253 Ampliffimis
1639 1208 1749 1243 Patri-

344 1253 404 1286 bus
430 1249 632 1287 sententiam
647 1280 656 1292 ,
697 1252 751 1287 uia
779 1254 815 1287 in
830 1253 1111 1301 Congregatione
1125 1252 1243 1288 habita
1257 1254 1310 1287 die
1329 1266 1355 1294 5.
1375 1255 1459 1289 Maii
1478 1266 1574 1295 1743.
1596 1254 1750 1300 proposi-

345 1308 382 1334 το
403 1297 502 1332 dubio
515 1324 524 1336 ‚
548 1305 607 1335 «An
622 1300 686 1344 snb
715 1303 872 1337 ineretnr
899 1302 1086 1348 compofitio
1104 1312 1177 1336 cum
1195 1300 1325 1342 ceslione
1348 1302 1594 1345 7717i:1n2f„=5c'a
1611 1316 1630 1336 a
1645 1307 1750 1347 R.Fa-

345 1345 441 1381 brim
459 1350 608 1382 S.‘Petri
621 1349 747 1391 favore
773 1350 938 1395 qud-adam
964 1351 1031 1392 'Jm
1050 1347 1204 1394 Baptistae
1218 1349 1257 1382 de
1270 1350 1424 1383 Dominis
1443 1348 1458 1383 ,ἶ
1484 1347 1749 1394 Responderunt

345 1393 508 1439 negative
533 1419 543 1432 ‚
569 1394 670 1440 idque
695 1394 827 1439 placuit
853 1396 889 1430 in
903 1397 1010 1430 altera
1023 1393 1299 1439 Congregatione
1325 1395 1397 1429 diei
1424 1404 1477 1429 21.
1493 1396 1575 1437 Julii
1601 1395 1749 1438 ejusdem

343 1437 423 1473 anni
438 1452 451 1479 ,-
475 1451 551 1474 nam
576 1452 650 1476 cum
661 1452 831 1486 comperta
854 1455 943 1477 nunc
969 1441 1008 1476 sit
1036 1451 1184 1476 tenuitas
1211 1440 1420 1476 lui-edimus
1434 1442 1604 1477 Canonici
1620 1443 1752 1478 Marti-

342 1486 380 1522 ni
394 1511 403 1522 ‚
432 1485 648 1532 dignoscatur
665 1488 795 1524 nullam
809 1490 1062 1536 subreptionem
1076 1514 1085 1527 ‚
1099 1488 1405 1533 obreptionemque
1418 1489 1570 1536 obtigisse
1588 1490 1622 1524 in
1638 1489 1751 1524 Tran-

345 1532 491 1568 fassione
509 1546 584 1569 cum
599 1537 642 1571 R.
660 1537 800 1572 Fabrica
815 1561 823 1572 ,
855 1538 888 1572 8(
912 1548 992 1572 vera
1015 1535 1136 1571 dixisse
1165 1536 1216 1576 Jo.
1241 1534 1421 1580 Baptistam
1446 1537 1664 1575 Dominum,
1689 1536 1750 1582 qui

344 1582 498 1615 narravit
522 1581 768 1619 Patrimonium
796 1584 945 1619 defuncti
970 1582 1141 1618 Canonici
1166 1593 1234 1617 non
1260 1583 1419 1618 excedere
1439 1584 1584 1624 scut.15.
1613 1583 1748 1623 millia,

339 1627 427 1662 itaut
452 1638 523 1662 ruat
541 1630 633 1666 ratio
663 1633 762 1671 huius
778 1631 970 1675 ampliffimi
997 1630 1136 1666 Ordinis
1155 1658 1162 1670 ,
1189 1628 1246 1674 qui
1263 1630 1393 1665 censuit
1406 1631 1664 1666 transafflonem
1681 1641 1750 1666 non

341 1674 542 1714 substineri3
568 1679 659 1723 quod
676 1679 795 1714 falsum
819 1677 1005 1724 suggestum
1034 1676 1146 1713 fuisset
1162 1704 1171 1715 ,
1199 1687 1274 1710 cum
1288 1677 1463 1713 haereditas
1491 1677 1572 1713 esset
1602 1676 1674 1713 scut
1691 1682 1746 1713 26.

343 1721 462 1755 mille.
484 1723 652 1759 Caeterum
680 1726 703 1760 si
736 1726 789 1760 his
820 1725 945 1771 spraetis
970 1725 1104 1771 placeat
1133 1723 1318 1770 Aplissimis
1346 1724 1506 1760 Patribus
1531 1723 1748 1770 quaestionem

342 1769 483 1803 trauare
506 1774 788 1810 commutationis
815 1773 1010 1809 voluntatis
1024 1772 1193 1807 canonici
1216 1771 1383 1809 Martini,
1406 1772 1603 1807 mutandam
1626 1772 1657 1806 δι
1685 1771 1746 1819 ipsi

341 1814 510 1859 disputant
533 1818 628 1858 juxta
653 1821 853 1856 sententiam
870 1819 1127 1854 Eminentiffimi
1157 1818 1307 1853 Abbatis
1325 1846 1334 1858 ‚
1360 1817 1461 1854 salvis
1490 1830 1603 1854 tamen
1623 1830 1745 1855 eorum

339 1861 456 1896 favore
477 1864 612 1905 Juribus
628 1868 831 1905 patronatus
844 1868 1118 1902 Canonicatuum
1143 1866 1177 1900 in
1211 1864 1355 1900 Ecclesia
1380 1866 1574 1901 Parochiali
1611 1865 1740 1900 consti-

341 1909 544 1945 tuendorum
558 1938 569 1951 ‚
594 1915 624 1948 ἃ
644 1915 730 1949 facta
755 1916 848 1962 prius
873 1914 1078 1950 detractione
1093 1911 1245 1948 dimidiae
1259 1913 1363 1957 partis
1379 1914 1544 1948 bonorum
1559 1913 1744 1948 liberorum

340 1966 381 1989 ex
410 1957 505 1993 causa
531 1963 782 1998 communionis
802 1961 1001 1998 universalis
1031 1960 1119 1995 inter
1136 1959 1256 1994 fratres
1271 1986 1281 1999 ‚
1311 1960 1346 1995 in
1361 1972 1426 2006 qua
1449 1958 1742 1995 demonstranda„

338 2013 480 2051 operam
508 2019 645 2044 omnem
671 2010 871 2049 collocant,
894 2009 1011 2057 spraeta
1042 2006 1298 2041 renunciatione
1325 2007 1450 2046 tacita,
1473 2019 1546 2052 quae
1570 2008 1678 2042 oritur
1701 2017 1744 2042 ex

342 2051 514 2094 agnitione
529 2054 632 2100 legati
648 2083 657 2097 ‚
682 2059 768 2103 quod
784 2058 917 2093 animus
933 2081 944 2095 ,
971 2057 1002 2091 δι
1017 2053 1190 2090 consensus
1204 2053 1248 2090 ad
1264 2054 1439 2100 incognita
1450 2053 1583 2100 porrigi
1600 2079 1611 2093 ‚
1634 2053 1738 2088 trahi—

339 2106 406 2141 que
426 2107 490 2132 non
515 2102 610 2145 possit
626 2132 633 2140 ,

327 2151 426 2176 ontra
449 2144 516 2181 luc
545 2153 659 2186 omnia
684 2151 857 2200 Palenga‚
881 2151 1107 2188 Gerardinius
1127 2175 1137 2190 ‚
1163 2150 1292 2197 aliique
1315 2148 1553 2185 descendentes
1578 2161 1596 2184 a
1612 2147 1741 2199 seniore

340 2189 389 2229 3⁰·
412 2189 563 2240 *3³9ststss1
578 2196 733 2233 Domino
749 2226 758 2238 ,
781 2201 839 2245 qui
866 2200 1078 2245 postularunt
1105 2199 1140 2233 in
1151 2197 1430 2244 Congregatione
1457 2196 1742 2247 die-253Januarii

340 2247 538 2286 anninuper
558 2247 732 2284 transacti,
760 2255 795 2280 ut
827 2256 1013 2282 mutaretur
1033 2244 1190 2280 voluntas
1218 2245 1390 2279 Canonici
1414 2243 1562 2278 Martini
1589 2253 1622 2275 in
1648 2241 1740 2276 aliud

338 2294 423 2328 Opus
437 2287 529 2329 pium
549 2299 692 2333 quatuor
709 2291 983 2327 canonicatuum
1004 2294 1039 2327 in
1057 2290 1208 2326 Ecclesia
1240 2289 1426 2325 Parochiali
1442 2314 1452 2329 ,
1481 2290 1512 2324 &
1540 2287 1754 2333 Colleglataa
1783 2302 1786 2304 ·

338 2328 496 2366 Pontiani
518 2336 830 2374 constituendorum
847 2366 856 2378 ,
881 2350 955 2373 cuni
982 2350 1082 2374 onere
1111 2336 1283 2382 praestandi
1310 2336 1488 2382 quotannis
1514 2349 1554 2371 ex
1573 2334 1740 2383 fructibus

339 2375 554 2426 hareditatis·
575 2384 655 2418 duas
672 2387 766 2419 dotes
790 2412 799 2424 ,
826 2397 897 2431 quae
921 2385 1053 2431 singula:
1080 2385 1142 2418 sint
1165 2384 1308 2422 scut.50.
1333 2383 1463 2417 Puellis
1486 2395 1505 2418 a
1521 2384 1572 2424 Jo.
1594 2379 1738 2426 Baptista

341 2420 469 2457 seniore
493 2428 774 2466 descendentibus
791 2459 801 2471 ,
824 2432 990 2475 postulant
1016 2432 1165 2471 iterum,
1188 2438 1226 2464 ut
1252 2430 1508 2464 Eminentissimi
1534 2429 1644 2464 Patres
1669 2431 1738 2462 in.-

340 2467 428 2518 hanc
450 2469 650 2512 sententiam
681 2479 896 2514 descendant.
930 2479 1052 2524 Neque
1066 2478 1160 2512 enim
1183 2476 1334 2522 amplius
1347 2476 1476 2522 ambigi
1491 2476 1577 2522 poss'e
1588 2472 1737 2524 necessa-

340 2524 394 2548 rio
419 2521 612 2567 mutandam
627 2525 690 2559 eise
706 2527 940 2564 voluntatem,
963 2527 1054 2571 quod
1077 2523 1248 2558 Canonici
1273 2523 1418 2558 Martini
1451 2525 1626 2559 haereditas
1655 2521 1734 2556 satis

336 2571 404 2596 non
427 2566 464 2596 lit
488 2569 624 2612 adopus
649 2572 844 2607 monasterii
870 2570 1076 2617 implendum
1101 2598 1110 2610 ,
1137 2582 1245 2617 neque
1260 2580 1371 2605 tamen
1395 2571 1647 2606 detrahendum
1669 2567 1735 2605 effe

337 2618 481 2660 pienum
502 2612 662 2650 bonorum
692 2618 1039 2660 Emphitheuticorum
1058 2618 1176 2663 Mense
1201 2617 1393 2652 Abbatialis
1407 2644 1417 2657 ,
1442 2619 1526 2663 quod
1547 2617 1714 2651 nullum)

338 2656 585 2694 vindicationis
612 2662 660 2703 jus
681 2664 805 2699 Mensae
820 2665 882 2699 esse
899 2667 993 2711 possit
1007 2691 1017 2704 ,
1039 2665 1182 2700 redaCtis
1198 2664 1295 2698 bonis
1316 2663 1602 2710 Empliitheuticis
1618 2663 1656 2697 ad
1673 2662 1730 2695 in-

338 2702 397 2740 star
415 2705 628 2759 'allodialium
644 2735 655 2752 ,
679 2720 717 2747 ut
730 2710 908 2748 definitum
932 2712 977 2748 est
992 2725 1012 2747 a
1024 2718 1099 2747 Sac.
1115 2719 1200 2760 Rota
1214 2723 1326 2748 coram
1342 2715 1469 2753 Ninot.
1493 2713 1652 2795 deciJL-ig.
1664 2708 1733 2790 nal-6·

1583 2790 1593 2793 -
1627 2769 1652 2780 Ν
1697 2769 1735 2792 e-
