1874 2961
1478 120 1512 155 8(

55 192 134 219 mus
151 178 162 221 ‚⁷
190 188 231 214 ac
245 171 408 212 distriehe
422 172 630 209 mandamus
642 197 653 214 ‚
681 179 726 206 ne
741 169 802 207 dd.
819 165 1080 206 Attestationes
1098 193 1109 208 ‚
1138 166 1246 203 Fides
1275 176 1347 205 tam
1369 136 1525 218 judicias

59 234 125 273 les,
142 241 251 278 quam
270 225 577 274 extrajudiciales‚
594 225 628 260 8<
645 223 862 258 documenta
877 230 1112 267 quaecumque
1130 217 1284 255 studiose
1304 222 1516 269 conquisita,

59 284 93 320 δε
110 279 187 330 post
203 278 410 316 concursum
427 303 438 319 ,
456 285 495 311 ut
513 275 636 324 ajunt,
655 274 838 321 expiscata
856 272 930 307 ullo
948 274 1056 307 modo
1073 273 1298 316 recipiantur
1314 298 1323 307 .
1341 272 1430 308 Non
1450 274 1520 307 ob-

59 333 236 369 stantibus
252 332 355 377 supra
370 329 578 364 memoratis
592 326 730 363 Literis
746 352 757 368 ‚
775 337 795 361 a
813 325 957 371 Congr.
977 322 1093 359 Cone.
1109 322 1216 360 'l'rid.
1236 323 1435 370 interprete
1458 336 1523 359 an..

61 397 108 421 no
131 395 237 432 ¹72¹·
253 379 508 429 editis‚quibus
523 380 565 414 ad
583 376 832 425 praemifforum
850 370 1014 410 efleftmn
1031 374 1065 408 in
1082 373 1150 410 hac
1161 384 1263 421 parte
1277 373 1520 419 derogamus,

58 437 133 472 illis
149 445 265 470 tamen
283 435 318 467 in
337 432 486 478 reliquis
502 458 513 473 ,
533 442 602 466 una
615 441 696 465 cum
713 428 884 464 omnibus
898 427 934 462 in
953 427 1002 462 eis
1021 426 1200 462 contentis
1215 449 1227 466 ‚
1240 425 1388 462 firmiter
1404 428 1438 461 in
1454 425 1518 462 suo

42 487 185 526 ,robore
200 483 441 532 permansuris
458 511 468 521 .

109 537 200 575 Vll.
258 536 337 574 Ubi
352 546 441 572 vero
457 533 674 583 Episcopus,
691 530 903 579 posthabito
918 542 1005 573 uno,
1021 530 1077 566 vel
1094 530 1209 566 altero
1221 539 1266 565 ex
1283 529 1514 577 approbans,

54 587 250 630 Ecclefiam
277 587 476 622 contulerit
506 586 625 631 magis
649 584 781 620 idoneo
810 584 858 618 ob
892 583 1048 630 aliquam
1079 579 1142 616 fibi
1160 580 1221 628 ipfi
1237 590 1377 617 tantum
1393 589 1518 617 notam

54 640 198 678 causam
217 650 346 690 ,quam
364 637 505 675 censeat
520 635 708 683 fignificari
725 633 1029 683 oportereJudici
1044 632 1318 679 appellationis,
1337 631 1381 668 ad
1395 632 1521 668 deter-

56 691 210 740 gendam
225 689 359 738 injustae
374 686 520 723 fortaffe
536 685 799 736 praeeleEtionis
814 696 937 722 notam
957 697 966 720 ι
1000 682 1254 721 Familiaribus
1271 684 1387 720 literis
1414 683 1518 731 judi-

59 755 136 780 cem
151 741 342 778 certiorem
362 739 495 775 efficiat
508 767 518 774 .
537 738 761 776 inviolabilis
776 738 901 774 secreti
918 737 1001 783 lege
1014 734 1157 777 adjefta
1172 765 1181 773 .
1213 733 1338 773 Nemo
1354 734 1395 771 fit
1409 761 1420 776 ,
1451 737 1519 783 qui

57 796 147 831 hanc
163 792 303 840 praxim
319 791 443 828 nostrae
459 790 593 827 tribuat
609 790 756 826 solertiae
770 818 781 833 ‚
797 801 877 824 cum
890 788 952 824 illa
969 786 1133 834 profluat
1158 799 1178 823 a
1193 786 1361 824 Trident.
1384 786 1519 822 Decre—

59 847 128 883 tis.
147 843 296 893 Seffione
310 846 440 879 etenim
457 853 518 889 24.
535 854 628 881 c.20.
646 844 689 879 de
711 844 798 890 Res}
814 842 863 877 ita
880 838 1084 886 disponitur
1101 858 1126 868 --
1141 839 1325 876 Praeterea
1337 839 1464 884 fiquis
1477 840 1518 874 in

55 895 190 944 cafibus
204 908 226 932 a
240 895 331 943 jure
341 895 774 945 permtffisgappellaverit
790 918 802 935 ,
819 902 883 928 aut
900 893 942 926 de
957 891 1073 938 aliquo
1082 892 1300 936 gravamine
1314 888 1516 936 conquest-ue

52 948 190 995 fuerit,
202 946 272 993 seu
287 946 383 983 alias
398 948 438 982 ob
454 947 589 995 lapsum
604 946 746 983 biennii-
763 971 775 987 ‚
790 945 833 980 de
843 953 907 990 quo
911 942 1025 992 ficpra
1044 969 1055 985 ,
1084 943 1130 978 ad
1144 941 1255 978 alium
1267 939 1439 989 Judicem
1460 953 1518 977 re-

47 999 216 1036 currerit
233 1025 246 1042 ,
273 1008 446 1035 teneatur
458 998 532 1035 afza
550 1001 664 1035 omnia
681 1008 790 1034 coram
810 994 980 1042 Eptfiopo
988 991 1089 1040 gesta
1122 993 1168 1029 ad
1201 992 1370 1041 Juu'icem
1399 992 1519 1039 appel·

53 1052 208 1088 lationis
237 1048 398 1097 expensis
418 1051 502 1097 suis
531 1049 732 1096 transferre
745 1075 755 1090 ‚
789 1046 987 1083 EODEM
1010 1044 1222 1081 TAMEN
1242 1043 1518 1082 EPISCOPO

53 1101 226 1142 PRIvS
250 1101 573 1139 ADMONITO
586 1129 598 1144 ‚
631 1100 708 1136 vT
735 1098 786 1134 SI
810 1095 941 1146 QID
974 1097 1028 1133 EI
1055 1095 1165 1134 PRO
1194 1094 1393 1133 CAvSAE
1427 1093 1515 1132 IN-

56 1152 416 1192 STRvCTIONE
433 1149 745 1192 VJDEBlTvR
760 1177 770 1193 ,
798 1144 1515 1198 POASlTszDIClaAPPEz-‘LA-

55 1203 288 1244 CTIONIS
305 1204 673 1243 SIGNIFICARE
688 1229 699 1239 .

112 1257 159 1294 Et
172 1256 340 1305 quamvis
357 1259 435 1301 jure
451 1255 578 1295 Nobis
593 1253 790 1291 timendum
812 1255 854 1292 fit
871 1283 882 1298 ,
899 1266 942 1290 ne
956 1253 993 1292 d.
1009 1254 1130 1301 praxis
1144 1249 1486 1301 monendiJudicem
1501 1275 1520 1292 ,

55 1322 77 1345 a
95 1320 170 1357 quo
183 1308 408 1355 appellatum
422 1307 471 1344 est
484 1334 495 1350 ,
513 1308 550 1342 in
567 1318 665 1343 more
681 1306 769 1342 olim
787 1305 900 1354 posita
915 1334 926 1351 ‚
944 1305 1009 1342 hac
1024 1302 1232 1353 tempestate
1246 1302 1457 1344 obsolverit‚
1477 1301 1517 1336 δε

52 1373 75 1398 a
93 1360 197 1397 Foro
206 1356 382 1396 recesserit
399 1371 409 1394 :
441 1359 613 1396 Attamen
640 1357 844 1406 Episcopus
872 1358 891 1406 (
908 1357 1095 1394 utdiftum
1112 1355 1195 1406 est)
1226 1354 1249 1390 fi
1279 1365 1322 1390 ex
1337 1353 1434 1390 causa
1452 1351 1518 1388 fibi

53 1420 193 1449 tantum
211 1437 222 1454 ‚
256 1412 292 1448 &
311 1421 378 1447 non
395 1410 478 1447 aliis
494 1419 579 1446 nota
595 1438 608 1455 ‚
636 1421 717 1460 quae
736 1419 856 1447 tameu
874 1408 1073 1458 approbari
1090 1408 1202 1453 digna
1221 1406 1263 1443 fit
1276 1432 1287 1450 ‚
1321 1404 1516 1442 Ecclesiam

53 1463 284 1509 contulerit3
318 1462 416 1498 illam
432 1462 548 1500 ludici
566 1462 840 1511 appellationis,
856 1462 952 1498 datis
969 1461 1103 1497 secreto
1119 1459 1232 1494 literis
1251 1484 1264 1500 ‚
1290 1457 1482 1493 denunciet
1500 1479 1514 1497 ‚

55 1516 92 1551 &
110 1516 253 1561 aperiat
270 1543 280 1553 .
296 1513 426 1551 Sciant
438 1527 550 1565 porro
569 1515 710 1551 ludices
724 1541 735 1558 ,
746 1514 886 1552 delatas
902 1513 947 1549 ab
960 1511 1146 1560 Episcopo
1158 1509 1339 1552 causas‚&
1353 1508 1514 1544 rationes

56 1566 280 1603 inviolabilis
300 1566 427 1604 secreti
444 1566 511 1603 fide
529 1565 595 1603 effe
610 1564 859 1604 custodiendas
880 1577 972 1611 3nec
986 1563 1090 1613 parvi
1120 1560 1343 1608 pendendum
1371 1559 1436 1594 esse
1465 1568 1514 1594 te-

57 1616 258 1654 stimonium
293 1617 392 1655 illius
424 1617 583 1656 Pastoris
597 1645 608 1661 ‚
641 1619 703 1654 cui
732 1618 872 1655 Divino
898 1616 1086 1652 mandatur
1113 1614 1285 1662 eloquio,
1317 1611 1419 1648 Oves
1434 1608 1516 1645 suas

57 1669 256 1717 agnoscere
274 1700 282 1708 .
314 1669 439 1708 Facile
469 1670 562 1706 enim
590 1668 689 1706 cred-i
717 1681 788 1705 non
806 1667 925 1717 potest
940 1695 951 1711 ‚
982 1665 1186 1716 Episcopos
1201 1666 1268 1700 succ
1284 1675 1352 1700 non
1369 1661 1484 1697 minus
1499 1686 1512 1702 ‚

57 1733 166 1770 quam
182 1722 302 1758 aliena:
318 1721 443 1759 salutis
459 1721 551 1758 adeo
563 1722 788 1758 immemores
799 1747 811 1764 ‚
838 1729 880 1756 ut
894 1732 967 1756 non-
975 1718 1138 1755 deterriti
1154 1716 1283 1754 Divini
1308 1715 1516 1749 intermina-

56 1774 154 1808 tione
171 1773 300 1810 ludicii
315 1801 326 1817 ‚
344 1774 454 1817 odio,
467 1772 524 1811 vel
538 1772 667 1810 favore
681 1782 893 1811 moveantur
909 1799 919 1814 ‚
938 1771 972 1807 8<
990 1772 1025 1806 in
1044 1769 1124 1806 Sac.
1143 1768 1332 1804 Canonum
1363 1763 1516 1810 singula-

53 1835 130 1860 rem
143 1825 306 1873 injuriam
325 1853 335 1869 ‚
359 1829 485 1863 dicant
501 1826 630 1862 malum
641 1826 766 1863 bonum
782 1850 796 1868 ,⁴
813 1825 948 1869 *bonum
976 1822 1102 1858 malum
1118 1845 1130 1862 .,
1151 1828 1328 1868 ponentes
1344 1817 1521 1853 tenebras·

53 1878 167 1915 lucem
181 1903 193 1919 ,
211 1875 250 1918 ἐς
266 1881 376 1914 lucem
389 1878 559 1914 tenebras
576 1905 586 1914 .

106 1927 252 1965 sivero
268 1929 449 1978 Episcopo
464 1928 578 1965 fuerit
593 1927 753 1977 suspesta
781 1926 870 1963 fides
900 1926 1038 1961 Iudicis
1054 1952 1064 1967 ‚
1089 1924 1134 1962 ad
1163 1935 1275 1972 quem
1297 1919 1523 1969 appellatum·

50 1976 102 2015 est
114 2005 126 2022 ,
143 1991 209 2016 nec
223 1981 338 2018 eidem
355 1980 545 2018 revelanda
560 1980 737 2016 censuerit
751 1977 953 2020 huiusmodi
968 1977 1113 2014 occulta
1129 1977 1310 2013 rationum
1323 1980 1516 2007 momenta:

51 2031 122 2069 llla
134 2030 313 2078 significet
330 2032 474 2070 secretis
489 2033 603 2068 literis
616 2031 762 2070 S.R.E.
778 2029 892 2067 Card.
914 2028 1089 2066 Praefeeto
1105 2040 1174 2074 pro
1192 2035 1355 2072 tempore
1376 2023 1517 2067 Congr.

52 2082 174 2121 Cone.
194 2111 207 2127 ‚
222 2085 366 2131 quince
378 2083 612 2127 consilio,nec
627 2083 850 2119 authoritate
865 2081 982 2119 deerit
1000 2108 1015 2124 ,
1036 2092 1109 2129 quo
1124 2080 1242 2115 minus
1277 2088 1297 2112 a
1309 2073 1441 2123 Judice
1458 2085 1521 2121 ap-

48 2134 262 2182 pellationis
277 2134 421 2172 debitus
435 2134 578 2183 justitiae
592 2136 696 2171 locus
712 2133 899 2170 tribuatur
911 2160 922 2171 .

103 2185 280 2223 Praetetea
294 2186 555 2236 quiaaequitati
570 2187 680 2222 etiam
710 2185 906 2225 convenit,
929 2184 1056 2220 causas
1084 2180 1400 2230 appellationum,
1432 2188 1514 2226 quae

48 2248 186 2285 magno
202 2239 452 2285 Litigantium
466 2236 655 2286 dispendio
672 2263 683 2279 ‚
712 2237 746 2272 8<
768 2233 933 2272 Ecclesia
951 2235 1106 2282 pernicie
1122 2232 1343 2269 immortales
1356 2230 1519 2280 quando.

50 2301 122 2337 que
134 2287 289 2326 existunt
305 2317 316 2333 ‚
345 2299 482 2339 quanta
499 2289 577 2325 fieri
593 2287 705 2336 potest
722 2288 901 2325 brevitate
918 2287 1103 2323 terminari
1120 2299 1129 2322 :
1161 2285 1302 2320 idcirco
1329 2281 1390 2318 ubi
1418 2293 1437 2315 a
1456 2280 1518 2315 Iu-

51 2341 134 2378 dice
147 2341 406 2390 appellationis
419 2342 494 2378 lata
509 2341 552 2377 fit
566 2339 754 2376 Sententia
768 2365 780 2383 ,
809 2349 887 2388 quae
900 2337 1140 2386 praeelee'tioni
1153 2335 1255 2371 faetae
1266 2336 1311 2370 ab
1331 2331 1521 2379 Episcopo

54 2394 201 2428 omnino
222 2392 262 2428 fit
277 2393 475 2430 conformis
486 2419 496 2435 ,
511 2392 632 2428 nullus
647 2399 773 2438 pateat
787 2401 886 2427 novae
901 2390 1144 2438 appellationi
1158 2388 1276 2424 aditus
1293 2412 1304 2428 ‚
1321 2385 1376 2420 sed
1394 2382 1476 2418 aust
1485 2396 1522 2419 o·-

46 2444 162 2481 'ritate
180 2446 229 2479 rei
242 2443 414 2490 judicatae
429 2443 681 2481 controverfiae
699 2444 778 2479 finis
794 2443 1002 2488 imponatur
1023 2470 1032 2478 .
1061 2442 1124 2477 Sin
1144 2451 1230 2477 vero
1247 2436 1366 2472 ludex
1398 2437 1522 2481 appel-

53 2495 203 2533 latIonis
219 2494 327 2533 aliter
341 2523 352 2539 ‚
379 2508 487 2545 quam
501 2495 721 2532 Ordinarius
758 2493 1055 2541 pronunciaverit
1071 2507 1082 2537 ς
1113 2493 1221 2526 liceat
1256 2484 1448 2525 Praeeleao
1476 2487 1523 2523 ab

51 2547 237 2595 Episcopo
253 2574 265 2591 ‚
280 2548 344 2596 qui
358 2547 463 2584 causa
479 2546 615 2584 cecidit
628 2573 639 2589 ,
653 2547 698 2583 ad
714 2546 825 2582 alium
843 2545 1001 2582 Iudicem
1018 2544 1207 2591 appellare
1222 2568 1233 2584 ‚
1265 2539 1417 2577 firmiter
1433 2539 1525 2574 inte-

54 2599 122 2635 rim
139 2607 275 2634 retenta
294 2599 517 2636 Parochialis
534 2597 697 2636 Ecclefiae
714 2595 916 2646 poffeffione
932 2624 941 2634 .
985 2595 1148 2632 Tandem
1165 2591 1355 2642 postquam
1384 2592 1520 2627 tertius

52 2661 197 2699 quoque
214 2650 326 2685 Iudex
341 2651 562 2688 Sententiam
575 2650 707 2687 dixerit
730 2677 741 2693 ‚
765 2661 808 2685 ne
825 2658 949 2696 partes
964 2649 1059 2685 ultra
1075 2646 1224 2683 modum
1254 2653 1453 2692 graventur
1470 2641 1522 2675 la-

53 2701 205 2739 boribus
219 2729 230 2745 ,
264 2701 301 2740 81
316 2703 475 2751 expeufis
494 2731 506 2746 ‚
531 2702 726 2751 praesertim
743 2730 754 2746 ‚
784 2702 871 2750 quia
888 2701 1008 2748 agitur
1037 2699 1082 2736 de
1094 2712 1182 2736 cura
1199 2693 1397 2734 animarum
1414 2721 1425 2737 ‚
1453 2692 1522 2730 cui

55 2753 260 2794 damnosum
278 2753 327 2789 est
342 2779 354 2797 ‚
369 2756 460 2794 certi
475 2754 633 2795 Pastoris
650 2753 797 2794 destitui
811 2754 941 2792 solatio
959 2768 971 2799 5
994 2753 1027 2792 Is
1044 2752 1248 2800 legitimum
1265 2747 1429 2796 regendae
1448 2747 1514 2784 EC-

163 2806 374 2849 Tom.XlV.
889 2803 932 2842 M
1402 2798 1514 2840 clefiae
