1883 2907
363 103 566 175 (litzeasGatti
590 132 748 167 libellum
774 128 902 166 obtulit
929 128 1072 163 Nuncio
1088 127 1307 174 Apostolico‚
1331 137 1398 173 quo
1426 122 1595 175 petebat,
1619 137 1659 165 ut
1684 140 1703 165 a
1729 129 1790 165 su·

362 182 533 230 spensione
561 180 798 216 absolveretur
820 178 860 215 ad
896 176 1090 212 cauthelam
1111 202 1120 215 ‚
1145 175 1237 222 quod
1260 174 1413 212 obtinuit
1445 174 1501 210 die
1525 186 1578 212 τι.
1610 177 1692 221 Julii
1722 187 1787 212 an-

316 235 679 314 l'os'tlh12t7c3f2'atriarcha
693 270 923 320 Aquileiensis
937 270 1116 320 epistolam
1131 270 1224 305 dedit
1243 272 1282 306 ad
1297 269 1533 316 Amplissimos
1548 271 1664 309 Patres
1683 300 1693 314 ‚
1743 284 1784 323 ua

362 323 515 371 graviter
540 324 742 370 querebatur
757 346 767 358 ,
795 328 899 366 utque
919 320 989 352 haec
1012 317 1122 351 dirimi
1143 317 1373 368 controversia
1400 317 1504 363 posset
1522 346 1532 359 ‚
1555 330 1694 366 rogatus
1717 284 1788 355 {luit

363 372 407 406 cl.
422 382 520 405 mem.
535 368 728 404 cardinalis
759 366 899 411 Belluga
916 390 926 404 ‚
951 372 989 398 ut
1011 365 1117 399 animi
1136 364 1182 399 sui
1206 365 1406 399 sententiam
1428 367 1602 412 aperiret:
1631 367 1789 416 Respon-

361 417 411 452 dit
428 418 484 452 ille
505 417 682 452 secundum
700 413 926 448 Patriatcham
942 439 951 451 ‚
977 411 1176 457 censuitque
1201 411 1322 454 justam
1350 409 1446 446 fuisse
1457 412 1664 451 sententiam
1683 414 1790 450 latam

364 476 382 498 a
395 464 502 499 Curia
519 460 736 509 Aquileiensi
749 487 758 500 ,
780 460 907 494 nullam
923 458 1018 495 illam
1034 459 1279 498 Nunciaturxs
1304 459 1336 494 8<
1350 460 1428 504 quia
1441 459 1620 497 Promotor
1642 463 1789 500 fiscalis

364 510 587 546 Nunciaturx
611 506 814 543 monstrabat
839 507 970 548 injure
988 531 997 543 ‚
1023 506 1054 539 ὅ(
1080 505 1114 541 in
1140 505 1226 542 facto
1248 517 1316 541 non
1340 505 1788 555 substineriflResponsum

360 556 552 593 Cardinalis
579 555 728 600 Bellugx
750 580 760 593 ‚
786 556 873 599 quod
901 552 1057 591 Andreas
1078 552 1178 591 Gatti
1203 552 1349 589 intrusus
1373 553 1439 589 dici
1471 567 1542 591 non
1568 555 1703 603 posset,
1725 559 1789 605 qui

366 604 578 640 parochialia
593 602 705 640 officia
731 611 904 639 exerceret
925 611 1003 636 cum
1030 600 1192 638 consensu
1217 601 1265 638 sui
1279 599 1448 641 plebani,
1473 603 1614 650 ipsoque
1638 603 1794 642 Patriar-
1814 631 1830 638 ..

365 651 425 686 cha
441 653 618 687 mandante
634 676 644 689 ,
670 661 733 686 nec
760 649 881 693 injuste
908 657 966 682 aut
996 647 1178 694 illegitime
1200 648 1381 696 percepisse
1397 676 1407 690 ‚
1435 661 1495 685 aut
1522 651 1697 696 percipere
1721 654 1794 689 fru-

367 698 436 732 ctus
452 725 461 738 ,
487 700 517 733 δι
533 698 764 733 emolumenta
780 723 790 736 ‚
816 697 847 731 δι
874 696 1014 732 domum
1033 695 1199 732 habitasse
1214 724 1225 737 ,
1249 698 1339 746 quod
1367 698 1482 733 omnia
1508 698 1602 745 pleni
1632 698 1722 742 Juris
1745 700 1796 737 es-

367 746 439 780 sent
456 772 465 785 ,
492 747 522 780 &
545 744 687 780 dominii
706 746 807 780 trium
821 744 987 780 Vicorum
1002 769 1012 782 ‚
1038 754 1101 778 nec
1125 756 1271 792 unquam
1297 741 1700 790 affumpserintnaturam
1725 775 1736 789 ,
1761 750 1795 785 δι

366 793 569 838 qualitatem
592 802 650 827 aut
677 794 761 827 dotis
793 789 970 829 Ecclefiae,
994 799 1053 825 aut
1079 790 1246 828 fructuum
1272 790 1436 828 Beneficii
1463 791 1686 831 Ecclefiastici
1702 821 1712 835 ,
1739 795 1796 832 sed

394 838 583 875 erstitissent
610 840 642 875 in
668 840 777 887 prima
793 839 990 876 conditione
1011 848 1130 884 purae,
1156 839 1187 874 &
1212 837 1371 886 simplicis
1385 841 1549 878 mercedis
1574 841 1724 887 praestari
1737 844 1795 880 so—

367 852 438 922 iitx
465 899 498 921 in
514 887 686 932 pixtmium
713 886 840 922 laboris
855 911 867 927 ,
894 886 924 920 &
951 895 1087 932 operat,
1115 887 1201 920 unde
1222 886 1400 934 potuerint
1416 887 1540 924 Vicani
1564 889 1691 925 fructus
1716 891 1798 928 illos

369 935 540 969 Sacerooti
560 933 705 969 Andreae
717 932 818 972 Gatti
841 934 992 972 donare;
1018 934 1092 968 ideo
1106 944 1246 980 rogatus
1259 937 1382 971 iterum
1411 934 1477 971 fuit
1495 937 1691 972 Cardinalis
1709 936 1791 974 Bel—

371 981 449 1027 luga
463 1008 472 1021 ,
499 990 535 1018 nt
549 981 627 1028 quid
654 981 730 1016 fieri
755 980 909 1017 censeret
933 979 1061 1018 iterum
1082 982 1306 1026 responderet
1320 1006 1331 1020 ,
1350 982 1404 1018 sed
1431 983 1465 1018 in
1487 986 1600 1021 eadem
1626 984 1794 1022 sententia

370 1028 518 1074 perstitit
534 1054 544 1065 .
571 1028 664 1064 Data
683 1028 790 1074 igitur
822 1028 886 1063 fuit
911 1028 952 1062 ab
976 1029 1196 1073 Amplissimis
1219 1029 1378 1067 Patribus
1403 1031 1542 1075 epistola
1563 1031 1618 1069 die
1643 1041 1701 1069 22.
1722 1035 1795 1069 Au-

366 1074 456 1122 gusti
471 1076 551 1110 anni
568 1085 667 1121 1739.
694 1077 734 1110 ad
760 1075 994 1113 Patriarcham
1011 1072 1267 1123 Aquileiensem
1284 1105 1294 1118 ,
1319 1088 1382 1124 qua
1406 1078 1617 1114 mandabant
1630 1106 1640 1120 ,
1668 1089 1707 1115 ut
1722 1082 1795 1116 An·

371 1125 484 1158 dream
497 1122 596 1162 Gatti
622 1123 746 1159 iterum
772 1136 790 1161 a
818 1122 961 1161 Divinis
985 1123 1221 1169 suspenderet,
1247 1126 1270 1161 ss
1298 1127 1433 1162 domum
1452 1125 1644 1166 habitaret,
1671 1127 1701 1161 δι
1724 1126 1796 1164 fru-

373 1170 465 1209 ctus,
493 1181 591 1217 atque
624 1172 857 1208 emolumenta
880 1172 1069 1218 perciperet
1096 1186 1104 1207 :
1130 1174 1254 1208 Altera
1274 1184 1361 1208 vero
1386 1173 1525 1217 epistola
1551 1175 1590 1208 ad
1616 1174 1794 1212 Nuncium

368 1217 616 1263 Apostolicum
632 1218 711 1253 data
725 1218 790 1254 fuit
804 1244 813 1255 ,
838 1228 903 1264 qua
918 1219 1161 1258 mandabatur3
1187 1231 1224 1256 ut
1245 1220 1267 1256 fi
1285 1220 1377 1256 forte
1393 1221 1550 1257 Sacerdos
1569 1221 1670 1256 Gatti
1699 1233 1716 1255 a
1734 1233 1794 1257 no·-

371 1276 414 1298 va
437 1264 644 1310 suspensione
664 1265 707 1299 ad
726 1265 901 1304 Tribunal
916 1266 1143 1305 Nunciaturae
1169 1269 1291 1304 iterum
1308 1267 1524 1317 appellaret,
1549 1280 1628 1305 eum
1653 1274 1720 1306 non
1735 1280 1796 1304 au-

371 1310 486 1352 diret,
511 1312 568 1349 sed
590 1312 634 1347 ad
658 1313 887 1349 Patriarcham
907 1314 1121 1351 remitteret.

328 1359 394 1398 His
415 1357 561 1404 epistolis
586 1360 767 1398 Promotor
792 1360 933 1397 Fisealis
959 1361 1184 1398 Nunciaturae
1210 1363 1287 1398 laesa
1306 1360 1405 1397 fuisse
1434 1371 1593 1408 reputans
1618 1363 1694 1405 Jura
1710 1362 1798 1398 Tri-

376 1407 508 1443 bunalis
521 1434 531 1449 ,
555 1408 587 1442 δι
607 1407 708 1452 ipsius
733 1409 855 1443 SanCtae
870 1409 964 1444 Sedis
980 1409 1210 1452 Apostolicae,
1237 1410 1311 1446 Lesa
1338 1408 1435 1444 fuiffe
1462 1412 1545 1454 Jura
1562 1409 1771 1449 Vicanorum
1785 1437 1797 1451 ,

377 1452 452 1488 laesa
474 1455 608 1493 demum
632 1454 726 1490 fuiffe
744 1457 824 1496 Jura
848 1457 994 1491 Andreae
1019 1456 1117 1491 Gatti
1137 1457 1271 1493 causam
1303 1457 1483 1494 retractari
1515 1456 1704 1503 postulavit
1724 1484 1733 1497 ,
1761 1457 1795 1492 &

375 1499 562 1547 subscripto
576 1502 690 1541 Dubio
703 1530 713 1542 ‚
739 1507 773 1539 in
789 1504 920 1542 Folium
940 1502 1084 1542 referri,
1112 1512 1150 1540 ut
1174 1515 1228 1543 res
1243 1506 1428 1551 diligenter
1449 1506 1662 1551 expendatur
1675 1529 1686 1540 .
1705 1505 1796 1551 Qae
1827 1527 1836 1532 ·

376 1546 442 1581 sint
455 1559 630 1586 momenta
653 1551 850 1590 rationum,
876 1550 1000 1597 quibus
1028 1551 1160 1592 utitur,
1184 1564 1257 1599 quae
1274 1551 1501 1587 cardinalem
1529 1552 1715 1597 Bellugam·
1731 1553 1797 1587 irn-

375 1594 529 1641 pulerint
541 1624 551 1637 ,
578 1606 613 1633 ut
629 1597 675 1631 ita
690 1597 930 1643 responderet,
955 1610 1029 1644 qua:
1043 1609 1164 1634 eontra
1187 1608 1351 1644 proponat
1367 1599 1552 1635 Promotor
1565 1599 1708 1634 Fiscalis
1721 1599 1793 1635 Cu-

373 1642 434 1680 ria:
447 1642 688 1680 patriarchalis
712 1645 893 1690 agnoscere
918 1655 1083 1692 poterunt
1107 1647 1311 1691 Ampliffimi
1339 1647 1454 1681 Patres
1488 1647 1633 1682 lectione
1660 1645 1796 1682 libello-

376 1701 451 1724 rum
479 1704 486 1724 :
525 1702 586 1727 nos
610 1692 709 1726 illum
733 1692 940 1728 Promotoris
971 1694 1114 1729 fiscalis
1138 1692 1360 1729 Nunciaturae
1388 1693 1567 1730 habuimus
1592 1694 1796 1730 dumtaxat:

380 1736 557 1778 Dubium,
583 1739 621 1774 de
636 1751 703 1785 quo
717 1738 934 1786 disputatur,
959 1741 1028 1776 est.

334 1789 392 1822 An
413 1784 578 1827 absolutio
597 1795 662 1833 per
679 1788 994 1833 Res-verendiffimum
1017 1792 1239 1826 Venetiarum
1256 1792 1433 1825 ‘Nuncinm
1459 1788 1601 1835 conceffa
1620 1789 1797 1824 Sacerdoti

381 1833 525 1869 Andreae
542 1836 641 1869 Gatti
657 1846 676 1866 a
695 1834 900 1882 suspensione
923 1848 944 1869 a
964 1837 1109 1871 Divinis
1140 1845 1256 1871 contra
1273 1849 1346 1872 eum
1363 1837 1586 1883 promulgata
1603 1843 1669 1883 per
1682 1841 1799 1882 Reve-

380 1879 596 1924 rendiffimum
611 1882 854 1917 Patriam·th
867 1882 1280 1928 Aquilejaefitbstineatm·
1300 1887 1334 1919 in
1348 1884 1424 1928 casu
1437 1887 1513 1920 &c-

432 1973 514 2011 Non
540 1974 706 2021 proposita
729 1986 807 2010 cum
830 1975 1066 2024 sequentibus.

93 2128 233 2167 ses,‚24‚c
248 2142 280 2166 η
437 2113 634 2151 MERINA
658 2118 808 2155 MISSAE
832 2118 1248 2157 CONVENTUALIS:
1280 2119 1320 2154 In
1336 2120 1541 2156 Vifitatione
1562 2120 1634 2154 acta
1650 2119 1691 2155 ab
1705 2117 1799 2165 Epi-

96 2169 130 2201 με
144 2171 199 2208 ref.
235 2154 243 2165 ⁰
284 2154 294 2168 ⁹
459 2161 560 2213 scopo
573 2163 740 2201 Amerino
753 2178 838 2201 anno
851 2178 950 2215 1744.
967 2169 1156 2204 Decretum
1170 2170 1277 2204 latum
1295 2166 1362 2202 fuit
1377 2194 1387 2207 ,
1403 2177 1442 2202 ut
1455 2166 1624 2202 Canonici
1641 2165 1798 2218 Ecclesiae

384 2208 585 2254 Collegiatae
609 2210 756 2247 Luniani
783 2214 918 2252 Sacrum
930 2215 1176 2251 conventuale
1202 2213 1359 2260 quotidie
1380 2222 1538 2260 agerent,
1563 2215 1739 2258 ΕοῐῐιΡᾶᾶΟ
1764 2223 1800 2246 ¹1¹

384 2255 472 2289 hauc
497 2255 631 2290 causam
648 2257 734 2293 libro
751 2261 968 2304 particulari:
993 2262 1058 2297 hoc
1080 2263 1217 2298 decreto
1241 2272 1368 2296 nonum
1390 2272 1474 2296 onus
1497 2259 1557 2295 fibi
1577 2261 1703 2306 imponi
1738 2260 1802 2294 do-

387 2302 494 2337 lentes
509 2302 680 2339 Canonici
697 2315 816 2341 contra
841 2321 976 2345 omnem
989 2318 1086 2343 retro
1113 2311 1259 2343 actorum
1278 2318 1469 2354 temporum
1485 2308 1724 2355 antiquitatem
1737 2332 1746 2346 ‚
1767 2307 1800 2341 δι

385 2349 684 2386 immemorabilem
699 2353 788 2399 quasi
806 2354 1034 2400 possessionem
1061 2354 1149 2389 idem
1163 2356 1303 2390 Sacrum
1329 2365 1398 2389 non
1414 2355 1536 2401 agendi
1553 2381 1563 2395 ‚
1587 2354 1801 2402 ampliffimos

387 2394 501 2475 gage}
530 2397 653 2476 lidbesso
679 2401 859 2443 adierunt,
882 2404 914 2438 δι
934 2403 984 2438 bis
1009 2402 1132 2438 audito
1147 2399 1320 2452 'Episcopo
1334 2428 1343 2441 ‚
1366 2403 1464 2440 causa
1485 2413 1576 2438 nunc
1594 2401 1804 2452 proponitur

416 2451 432 2473 e
462 2452 540 2476 nien
564 2457 580 2478 a
599 2472 607 2480 .

344 2486 467 2525 Multis
482 2491 638 2542 equidem
649 2494 836 2532 defendunt
850 2496 1022 2533 Canonici
1046 2508 1113 2532 non
1127 2496 1272 2542 potuiss'e
1293 2497 1356 2532 hoc
1370 2508 1495 2532 novum
1520 2507 1605 2534 onus
1631 2497 1674 2532 ab
1699 2493 1798 2543 Epis-'-

391 2545 650 2587 co901mponi‚
676 2550 750 2575 tum
776 2545 856 2588 quia
870 2556 936 2579 non
960 2544 1090 2580 constat
1122 2543 1307 2580 Ecclefiam
1334 2544 1544 2579 authoritate
1569 2543 1803 2590 Apostolica...

390 2582 532 2632 eressam
546 2582 640 2618 lulffe
655 2587 686 2620 in
704 2588 935 2635 collegiatam
953 2603 1029 2626 cum
1053 2603 1154 2626 onere
1164 2590 1371 2638 quotidianae
1392 2592 1608 2627 recitationis
1639 2589 1801 2626 horarum

392 2638 629 2680 canonicarum
651 2632 686 2665 in
697 2634 814 2670 Choro
827 2661 837 2674 ‚
854 2648 924 2672 tum
939 2639 1016 2684 quia
1036 2638 1131 2672 nulla
1154 2638 1243 2673 adest
1261 2638 1452 2673 communis
1467 2637 1568 2674 massa
1583 2665 1594 2679 ‚
1617 2639 1672 2674 vel
1687 2637 1805 2686 aliqua

388 2675 568 2723 assignatio
595 2679 784 2717 reddituum
799 2683 833 2716 in
859 2684 990 2720 causam
1006 2685 1105 2728 hujus
1116 2685 1305 2732 quotidiani
1322 2683 1517 2726 Sacrificii,
1543 2685 1680 2732 ejusque
1691 2682 1807 2732 appli-

1701 2738 1806 2765 catio·
