1883 2907
340 97 434 170 ι’ῗιιιτ
449 132 602 166 canonici
613 138 677 166 non
698 128 849 172 promoti
871 131 1049 161 teneamur
1068 125 1103 166 se
1122 125 1323 170 promoveri
1338 120 1458 165 facere
1480 123 1524 157 ad
1551 124 1712 172 fermam]
1735 130 1818 162 Con-

341 181 419 215 citii
443 180 476 213 in
502 177 578 222 casu
600 179 673 214 &C-

466 287 656 344 Dilata
677 325 691 340 .

17 422 92 503 {eff-
107 431 161 513 2f4.
175 433 216 459 ω
224 432 257 470 3.
290 423 372 508 C
385 416 791 457 OMPOSTELLANA
813 412 1144 450 PAROCfflALIS
1164 428 1173 448 ε
1199 415 1378 461 Postquam
1393 417 1508 465 spatio
1520 417 1663 452 duorum
1676 415 1748 451 fere
1762 416 1822 452 sx-

39 485 55 508 e
73 476 116 516 Re
132 491 145 503 ο

395 469 551 504 culorum
571 464 674 499 unitae
700 462 837 497 fuerunt
867 463 939 496 duae
965 461 1175 498 Parocm'ales
1197 462 1355 498 Ecclefix
1372 463 1409 499 S.
1433 466 1546 506 jacobi
1575 464 1614 498 de
1636 463 1726 498 Gres
1749 489 1759 502 ,
1787 465 1820 498 &

336 519 370 554 S.
385 514 506 552 Mariae
518 513 558 546 de
571 508 912 545 ssendana=Dioecefis
931 507 1226 555 compostellam
1239 535 1249 549 ‚
1271 511 1378 546 altera
1389 513 1428 546 de
1441 513 1718 556 jure-patronatus
1733 510 1817 545 Lai-

336 564 423 600 calis
437 590 447 602 ‚
468 561 577 595 altera
589 559 628 592 de
652 557 933 601 Jurepatronatus
957 555 1178 592 Ecclefiastici
1192 584 1200 596 ,
1227 556 1406 601 incaptum
1420 557 1487 593 fuit
1501 584 1511 598 ,
1533 570 1616 593 vivo
1634 559 1747 593 adhuc
1762 569 1823 593 ea-

303 644 308 647 .
336 615 411 647 rum
425 607 558 645 Pastore
572 630 582 644 ,
608 605 640 639 &
662 604 767 650 pleno
792 602 963 639 Beneficio
977 629 987 643 ,
1005 603 1170 646 judicium
1195 604 1439 648 separationis,
1467 606 1498 640 &
1520 603 1749 641 difiunaionis
1762 616 1823 640 ea-

337 659 490 695 rumdem
514 654 549 690 in
576 650 869 697 Archiepiscopali
895 651 1003 687 Curia
1023 650 1303 698 Composteliana
1326 679 1335 692 ‚
1361 652 1504 688 instante
1530 652 1727 687 Promotore
1755 652 1821 687 Fi-

338 704 422 741 scaii
439 729 449 744 ,
472 701 529 737 cui
544 696 758 734 adhaerebant
773 698 979 734 Parochiani
1003 699 1033 732 S.
1049 697 1284 739 JacobiGres.
1314 699 1534 743 Hocjudicio
1548 699 1716 744 pendente
1728 699 1822 735 obiit

338 751 506 787 Paroenus
520 774 530 788 ‚
553 749 585 783 &
607 745 762 785 Patronis
775 745 883 781 scissis
905 747 940 781 in
953 745 1211 791 praesentatione
1223 773 1234 789 ‚
1259 748 1369 791 maior
1384 758 1458 792 pars
1473 746 1636 782 convenit
1657 747 1691 780 in
1709 747 1823 781 nomi-

336 798 479 834 natione
503 794 690 832 Sacerdotis
709 792 861 830 Andreae
885 791 994 829 Toxo
1017 819 1026 832 ,
1048 793 1107 839 qui
1127 805 1217 829 anno
1239 803 1326 841 ¹7⁴4
1363 795 1546 830 obtinuita
1573 794 1605 828 S.
1630 794 1715 829 sede
1729 792 1825 829 Gra·

337 847 421 881 tiam
434 854 494 889 pto
506 841 732 881 Praesentato,
753 852 831 876 cum
844 841 1064 888 derogatione
1078 841 1272 876 medietatis
1287 853 1413 877 vocum
1427 870 1435 882 ,
1466 841 1617 886 expressa
1632 852 1666 876 in
1696 840 1824 876 Literis

338 890 551 938 Apostolicis·
573 889 636 924 lite
658 887 869 926 introducta,
901 889 931 923 δι
957 887 1071 922 adbuc
1085 888 1258 928 indecisa,
1282 901 1423 935 quarum
1451 889 1641 936 exequutio
1661 889 1825 923 mandata

339 938 405 974 fuit
431 937 572 975 vicario
597 934 762 971 Generali
787 934 1088 982 compostellano.
1117 937 1168 970 At
1195 936 1376 971 Promotor
1391 936 1531 972 Fiscalis
1547 937 1700 972 libellum
1721 935 1826 970 obtu-

339 988 383 1022 lit
407 986 508 1021 Sacro
523 984 602 1018 huic
620 981 808 1018 Tribunali
825 1009 834 1021 ‚
860 994 927 1029 quo
948 984 1084 1028 petebat
1100 1009 1111 1023 ‚
1136 994 1174 1018 ut
1193 995 1235 1018 ex
1249 983 1343 1019 causa
1358 984 1430 1019 litis
1447 983 1625 1029 pendentis
1652 981 1828 1027 suspende·

343 1043 434 1070 retur
447 1032 608 1080 quaelibet
628 1027 774 1076 provisio
790 1029 894 1077 usque
908 1032 948 1066 ad
977 1030 1071 1065 iliius
1085 1031 1218 1066 exitum
1235 1058 1241 1065 .
1271 1030 1535 1078 Rescripserum
1558 1029 1828 1065 Eminentissimi

344 1080 460 1116 Patres
475 1079 534 1115 die
557 1089 611 1125 ¹9·
628 1077 841 1125 Septembris
865 1078 944 1113 anni
965 1087 1091 1124 ¹7⁴4··
1117 1080 1382 1126 Archieptfcopo
1391 1089 1456 1127 pro
1483 1080 1728 1123 Insui-manwe-
1751 1103 1761 1118 ‚
1783 1083 1828 1114 &-

345 1136 427 1164 voto
453 1128 586 1162 auditis
604 1125 774 1161 Partibus
789 1143 809 1150 -
832 1127 893 1161 Sed
922 1124 1212 1171 Archiepisconus
1228 1153 1238 1167 ‚
1266 1126 1326 1172 qui
1342 1125 1477 1163 Litcras
1498 1124 1704 1171 Apostolicas
1726 1123 1834 1170 probe

344 1174 517 1213 callebat,
544 1183 727 1219 numquam
739 1171 911 1218 respondit
928 1199 937 1211 ,
971 1184 1012 1206 eo
1034 1172 1214 1213 defuncto,
1237 1185 1346 1209 novus
1373 1173 1512 1210 libellus
1535 1174 1668 1208 oblatus
1701 1173 1766 1208 suit
1787 1173 1829 1207 ab

344 1222 466 1257 eodem
493 1222 688 1256 Promotore
711 1219 833 1254 fiscali
855 1219 1090 1264 Amplissimis
1112 1219 1290 1259 Patribus,
1316 1232 1349 1255 in
1373 1233 1438 1268 quo
1458 1221 1715 1267 exprimebatur
1748 1220 1827 1254 nul-

346 1270 414 1304 lam
427 1269 633 1303 mentionem
647 1266 763 1301 habeti
779 1269 813 1300 in
825 1265 948 1301 Literis
966 1267 1173 1314 Apostolicis
1184 1268 1458 1312 pendentiae·11'tis
1470 1295 1479 1307 ,
1505 1270 1537 1303 &
1551 1267 1609 1302 die
1624 1274 1678 1302 ἰσ-
1704 1265 1828 1302 Martii

347 1316 426 1351 anni
451 1321 548 1362 1746,
568 1314 773 1361 rescriptum
786 1313 852 1349 fuit
864 1334 879 1340 -
900 1321 1033 1351 Dentur
1047 1327 1138 1350 novae
1163 1317 1274 1352 literae
1298 1316 1562 1363 ,Amlaiepifi-opo
1573 1325 1639 1362 pro
1654 1313 1828 1357 Informa-

347 1366 440 1399 tione
461 1388 472 1403 ‚
498 1368 542 1400 (9⁴¹
557 1371 638 1398 voto
658 1364 790 1397 auditis
820 1361 1014 1397 Partibus.
1042 1364 1090 1397 At
1105 1374 1181 1398 cum
1209 1362 1277 1407 post
1301 1361 1427 1407 lapsum
1454 1362 1520 1396 fere
1540 1363 1637 1396 unius
1656 1361 1736 1396 anni
1766 1371 1829 1395 nec

347 1409 554 1457 praesentatae
573 1408 698 1444 fuerint
715 1408 822 1445 literae
838 1408 931 1444 Sacri
957 1407 1160 1445 Tribunalis
1175 1438 1183 1450 ,
1203 1421 1266 1445 nec
1286 1410 1483 1456 respondeat
1508 1407 1822 1454 Ambieoiscopus,

346 1457 596 1505 plurimumque
611 1455 741 1492 interfit
755 1468 826 1492 rem
846 1456 1024 1501 expediri,
1050 1468 1129 1492 cum
1152 1457 1393 1492 detrimentum
1411 1457 1534 1491 inserat
1550 1456 1744 1490 Parochialt
1763 1454 1822 1489 ad-

346 1503 549 1540 ministratio
569 1503 740 1540 oeconomi
756 1502 976 1544 mercenarii,
992 1504 1144 1551 postulat
1159 1515 1245 1539 nunc
1260 1503 1347 1538 idem
1364 1506 1516 1539 Andreas
1533 1502 1637 1538 Toxo
1651 1526 1664 1541 ‚
1677 1511 1714 1537 ut
1732 1502 1832 1538 Emi-

348 1551 538 1587 nentissimi
565 1551 683 1586 Patres
696 1550 875 1587 declarent
899 1551 1020 1590 litem,
1046 1563 1117 1597 quae
1132 1552 1259 1597 pendet
1279 1576 1291 1591 ‚
1315 1549 1541 1585 dissolutionis
1555 1551 1698 1585 duarum
1720 1549 1834 1585 Paro-

348 1598 514 1635 chialium
536 1610 605 1634 non
635 1598 799 1643 impedire
822 1599 1081 1644 exequutionem
1108 1599 1279 1634 literarum
1311 1596 1580 1643 apostolicarum
1600 1607 1714 1632 coram
1737 1597 1832 1631 Exe-

350 1656 499 1695 quutore
525 1658 566 1681 ex
589 1647 747 1691 plurimis
773 1646 982 1685 rationibus,
1007 1657 1090 1691 quas
1109 1647 1221 1692 legent
1246 1644 1459 1691 Amplissimi
1487 1644 1602 1680 Patres
1626 1643 1662 1678 in
1685 1645 1760 1688 ejus
1785 1643 1831 1679 li-

351 1694 447 1730 bello
462 1720 471 1734 ‚
496 1703 535 1730 ut
558 1692 724 1729 definiant
743 1717 755 1729 .

305 1741 418 1785 ‚Anfit
436 1743 685 1790 procedendum
707 1743 749 1775 ad
769 1744 1032 1788 exequutionem
1051 1744 1246 1779 Literarum
1269 1736 1545 1791 apostolicarum
1562 1738 1747 1785 eoramsuo
1762 1741 1832 1784 5¹⁷1·

42 2191 281 2241 sess.22.De‘c.

40 2245 80 2280 de
113 2244 211 2277 Evit·
236 2243 280 2276 Θ
343 2275 345 2277 .

41 2290 107 2334 obs.
138 2291 172 2325 in
195 2285 281 2324 cleb.

45 2338 139 2384 Miss-

352 1791 427 1827 dice
452 1792 488 1826 in
513 1789 591 1834 casu
619 1792 694 1826 &a

487 1898 827 1952 Affirmative
853 1939 867 1950 .

582 2030 704 2099 Die
727 2032 1010 2100 Sabbathi
1038 2057 1060 2097 1
1078 2039 1132 2100 8.
1155 2033 1360 2127 Martii
1389 2053 1567 2115 1747.

425 2205 676 2244 BELLINEN.
702 2207 1039 2245 ELEEMOSYNAE
1078 2207 1230 2245 MlssAE
1253 2205 1669 2247 CON-VENTUALIS:
1696 2203 1832 2252 Propo-

437 2254 530 2289 nitur
540 2253 610 2306 haec
625 2256 735 2292 Causa
750 2256 840 2298 Juffu
855 2255 1196 2292 Emmentiffimorum
1208 2260 1346 2293 Patrum
1361 2284 1370 2297 ,
1386 2257 1446 2303 qui
1471 2257 1509 2291 in
1539 2256 1662 2290 ultima
1689 2258 1834 2298 Congre-

355 2303 497 2350 gatione
511 2301 623 2337 habita
636 2302 689 2339 die
703 2314 761 2344 25.
778 2304 931 2340 transacti
956 2303 1074 2338 mentis
1089 2303 1269 2340 Februarii
1291 2304 1493 2339 dilationem
1519 2300 1655 2348 quidem
1681 2299 1834 2335 indulse-

361 2356 442 2384 runt
456 2375 466 2389 ,
491 2348 546 2384 fed
567 2353 610 2384 ad
625 2353 782 2386 Primam
795 2354 1090 2398 congregationem
1103 2364 1113 2383 ε
1140 2350 1302 2386 Poterant
1323 2351 1440 2397 itaque
1464 2352 1595 2386 Folium
1608 2348 1736 2384 ultimae
1757 2353 1832 2385 Con-

359 2399 578 2443 gregationis
595 2396 717 2432 iterum
729 2397 907 2434 consulere
919 2423 930 2436 ‚
955 2406 992 2432 ut
1005 2397 1236 2444 respondeant
1252 2422 1263 2433 .

320 2449 379 2479 An
389 2442 433 2486 fit
440 2443 595 2486 flandum
608 2446 644 2479 in
647 2447 766 2492 primo
775 2470 787 2486 ,
812 2446 873 2482 vel
877 2446 907 2489 s
901 2442 1022 2481 ccundo
1035 2447 1110 2481 loco
1123 2445 1248 2489 Decifis
1264 2448 1299 2480 in
1314 2458 1352 2480 ca
1351 2446 1393 2490 su
1404 2448 1477 2483 ὅτ.

494 2556 549 2603 In
573 2555 756 2621 primo
783 2555 910 2608 Ioco
932 2554 1137 2608 Decifis
1160 2592 1172 2606 .

1608 2777 1791 2816 POTEN-
