<?xml version="1.0" encoding="UTF-8"?>
<!DOCTYPE html PUBLIC "-//W3C//DTD XHTML 1.0 Transitional//EN"
    "http://www.w3.org/TR/xhtml1/DTD/xhtml1-transitional.dtd">
<html xmlns="http://www.w3.org/1999/xhtml" xml:lang="en" lang="en">
 <head>
  <title>
</title>
<meta http-equiv="Content-Type" content="text/html;charset=utf-8" />
  <meta name='ocr-system' content='tesseract 3.04.00' />
  <meta name='ocr-capabilities' content='ocr_page ocr_carea ocr_par ocr_line ocrx_word'/>
</head>
<body>
  <div class='ocr_page' id='page_1' title='image "./thesaurusresolut14cath_0143.png"; bbox 0 0 1874 2961; ppageno 0'>
   <div class='ocr_carea' id='block_1_1' title="bbox 62 97 1482 189">
    <p class='ocr_par' dir='ltr' id='par_1_1' title="bbox 62 97 1482 189">
     <span class='ocr_line' id='line_1_1' title="bbox 62 97 1482 189; baseline -0.004 -15"><span class='ocrx_word' id='word_1_1' title='bbox 62 136 296 189; x_wconf 70' lang='lat' dir='ltr'>propositoque</span> <span class='ocrx_word' id='word_1_2' title='bbox 319 135 438 174; x_wconf 88' lang='lat' dir='ltr'>Dubio</span> <span class='ocrx_word' id='word_1_3' title='bbox 459 154 492 165; x_wconf 90' lang='lat'>--</span> <span class='ocrx_word' id='word_1_4' title='bbox 516 135 576 170; x_wconf 88' lang='lat' dir='ltr'>An</span> <span class='ocrx_word' id='word_1_5' title='bbox 595 132 762 169; x_wconf 77' lang='lat' dir='ltr'>absolutio</span> <span class='ocrx_word' id='word_1_6' title='bbox 787 142 848 178; x_wconf 79' lang='lat' dir='ltr'>per</span> <span class='ocrx_word' id='word_1_7' title='bbox 873 128 1201 166; x_wconf 79' lang='lat' dir='ltr'>Reverendiffimum</span> <span class='ocrx_word' id='word_1_8' title='bbox 1214 97 1482 169; x_wconf 52' lang='lat' dir='ltr'>venetiarurrss</span> 
     </span>
    </p>
   </div>
   <div class='ocr_carea' id='block_1_2' title="bbox 27 177 1485 508">
    <p class='ocr_par' dir='ltr' id='par_1_2' title="bbox 55 177 1485 466">
     <span class='ocr_line' id='line_1_2' title="bbox 61 177 1484 226; baseline -0.005 -4"><span class='ocrx_word' id='word_1_9' title='bbox 61 188 237 224; x_wconf 89' lang='lat' dir='ltr'>Nuncium</span> <span class='ocrx_word' id='word_1_10' title='bbox 250 184 404 221; x_wconf 89' lang='lat' dir='ltr'>concessa</span> <span class='ocrx_word' id='word_1_11' title='bbox 423 182 592 219; x_wconf 86' lang='lat' dir='ltr'>Sacerdoti</span> <span class='ocrx_word' id='word_1_12' title='bbox 621 184 764 216; x_wconf 82' lang='lat' dir='ltr'>Andreae</span> <span class='ocrx_word' id='word_1_13' title='bbox 783 180 881 215; x_wconf 86' lang='lat' dir='ltr'>Gatti</span> <span class='ocrx_word' id='word_1_14' title='bbox 896 190 913 212; x_wconf 80' lang='lat' dir='ltr'>a</span> <span class='ocrx_word' id='word_1_15' title='bbox 934 177 1128 226; x_wconf 83' lang='lat' dir='ltr'>supensione</span> <span class='ocrx_word' id='word_1_16' title='bbox 1150 191 1167 212; x_wconf 89' lang='lat' dir='ltr'>a</span> <span class='ocrx_word' id='word_1_17' title='bbox 1199 180 1342 214; x_wconf 81' lang='lat' dir='ltr'>Divinis</span> <span class='ocrx_word' id='word_1_18' title='bbox 1365 190 1484 216; x_wconf 85' lang='lat' dir='ltr'>contra</span> 
     </span>
     <span class='ocr_line' id='line_1_3' title="bbox 55 225 1481 282; baseline -0.006 -11"><span class='ocrx_word' id='word_1_19' title='bbox 55 245 133 270; x_wconf 81' lang='lat' dir='ltr'>eum</span> <span class='ocrx_word' id='word_1_20' title='bbox 148 234 285 282; x_wconf 86' lang='lat' dir='ltr'>promul</span> <span class='ocrx_word' id='word_1_21' title='bbox 313 241 434 278; x_wconf 82' lang='lat' dir='ltr'>ataper</span> <span class='ocrx_word' id='word_1_22' title='bbox 447 228 772 265; x_wconf 82' lang='lat' dir='ltr'>Reverendiffimum</span> <span class='ocrx_word' id='word_1_23' title='bbox 787 226 1023 263; x_wconf 72' lang='lat' dir='ltr'>Patriarcham</span> <span class='ocrx_word' id='word_1_24' title='bbox 1046 225 1222 271; x_wconf 62' lang='lat' dir='ltr'>Aquileia:</span> <span class='ocrx_word' id='word_1_25' title='bbox 1255 227 1481 262; x_wconf 79' lang='lat' dir='ltr'>substineatut</span> 
     </span>
     <span class='ocr_line' id='line_1_4' title="bbox 58 246 1479 325; baseline -0.004 -10"><span class='ocrx_word' id='word_1_26' title='bbox 58 280 94 316; x_wconf 82' lang='lat' dir='ltr'>in</span> <span class='ocrx_word' id='word_1_27' title='bbox 104 283 180 318; x_wconf 88' lang='lat' dir='ltr'>casu</span> <span class='ocrx_word' id='word_1_28' title='bbox 194 283 260 317; x_wconf 84' lang='lat' dir='ltr'>&amp;c.</span> <span class='ocrx_word' id='word_1_29' title='bbox 285 246 546 325; x_wconf 51' lang='lat' dir='ltr'>Responderunt</span> <span class='ocrx_word' id='word_1_30' title='bbox 558 275 763 320; x_wconf 83' lang='lat' dir='ltr'>Amplissimi</span> <span class='ocrx_word' id='word_1_31' title='bbox 779 276 896 311; x_wconf 82' lang='lat' dir='ltr'>Patres</span> <span class='ocrx_word' id='word_1_32' title='bbox 919 294 946 301; x_wconf 86' lang='lat'>-—</span> <span class='ocrx_word' id='word_1_33' title='bbox 971 272 1232 308; x_wconf 82' lang='lat' dir='ltr'>Absolutionem</span> <span class='ocrx_word' id='word_1_34' title='bbox 1246 273 1479 310; x_wconf 70' lang='lat' dir='ltr'>concessam-2</span> 
     </span>
     <span class='ocr_line' id='line_1_5' title="bbox 62 320 1484 371; baseline -0.004 -9"><span class='ocrx_word' id='word_1_35' title='bbox 62 327 116 363; x_wconf 90' lang='lat' dir='ltr'>die</span> <span class='ocrx_word' id='word_1_36' title='bbox 139 328 276 371; x_wconf 83' lang='lat' dir='ltr'>12.Julii</span> <span class='ocrx_word' id='word_1_37' title='bbox 293 332 388 367; x_wconf 87' lang='lat'>1738.</span> <span class='ocrx_word' id='word_1_38' title='bbox 401 324 575 360; x_wconf 89' lang='lat' dir='ltr'>substineri</span> <span class='ocrx_word' id='word_1_39' title='bbox 590 343 621 349; x_wconf 83' lang='lat'>--</span> <span class='ocrx_word' id='word_1_40' title='bbox 633 322 741 358; x_wconf 69' lang='lat' dir='ltr'>Redat</span> <span class='ocrx_word' id='word_1_41' title='bbox 754 334 843 358; x_wconf 86' lang='lat' dir='ltr'>nune</span> <span class='ocrx_word' id='word_1_42' title='bbox 856 325 894 357; x_wconf 86' lang='lat' dir='ltr'>ad</span> <span class='ocrx_word' id='word_1_43' title='bbox 907 320 1075 364; x_wconf 79' lang='lat' dir='ltr'>judicium</span> <span class='ocrx_word' id='word_1_44' title='bbox 1088 320 1178 356; x_wconf 85' lang='lat' dir='ltr'>Sacri</span> <span class='ocrx_word' id='word_1_45' title='bbox 1194 320 1399 355; x_wconf 83' lang='lat' dir='ltr'>Tribunalis</span> <span class='ocrx_word' id='word_1_46' title='bbox 1411 322 1484 356; x_wconf 81' lang='lat' dir='ltr'>haec</span> 
     </span>
     <span class='ocr_line' id='line_1_6' title="bbox 64 368 1485 417; baseline -0.006 -7"><span class='ocrx_word' id='word_1_47' title='bbox 64 376 226 412; x_wconf 78' lang='lat' dir='ltr'>definitio</span> <span class='ocrx_word' id='word_1_48' title='bbox 243 403 253 415; x_wconf 87' lang='lat'>,</span> <span class='ocrx_word' id='word_1_49' title='bbox 277 384 313 409; x_wconf 89' lang='lat' dir='ltr'>ut</span> <span class='ocrx_word' id='word_1_50' title='bbox 328 371 732 410; x_wconf 72' lang='lat' dir='ltr'>EminentiliimiPatres,</span> <span class='ocrx_word' id='word_1_51' title='bbox 756 370 904 416; x_wconf 88' lang='lat' dir='ltr'>repetita</span> <span class='ocrx_word' id='word_1_52' title='bbox 919 369 1063 403; x_wconf 67' lang='lat' dir='ltr'>lectione</span> <span class='ocrx_word' id='word_1_53' title='bbox 1080 368 1171 403; x_wconf 86' lang='lat' dir='ltr'>Folii</span> <span class='ocrx_word' id='word_1_54' title='bbox 1191 368 1485 417; x_wconf 79' lang='lat' dir='ltr'>congregationis</span> 
     </span>
     <span class='ocr_line' id='line_1_7' title="bbox 67 418 926 466; baseline -0.006 -9"><span class='ocrx_word' id='word_1_55' title='bbox 67 424 192 460; x_wconf 73' lang='lat' dir='ltr'>habita:</span> <span class='ocrx_word' id='word_1_56' title='bbox 206 423 258 457; x_wconf 83' lang='lat' dir='ltr'>die</span> <span class='ocrx_word' id='word_1_57' title='bbox 275 432 325 456; x_wconf 86' lang='lat'>12.</span> <span class='ocrx_word' id='word_1_58' title='bbox 344 419 542 457; x_wconf 81' lang='lat' dir='ltr'>Februarii,</span> <span class='ocrx_word' id='word_1_59' title='bbox 562 418 763 465; x_wconf 84' lang='lat' dir='ltr'>respondere</span> <span class='ocrx_word' id='word_1_60' title='bbox 776 418 899 466; x_wconf 80' lang='lat' dir='ltr'>possint</span> <span class='ocrx_word' id='word_1_61' title='bbox 917 442 926 452; x_wconf 88' lang='lat'><strong>.</strong></span> 
     </span>
    </p>

    <p class='ocr_par' dir='ltr' id='par_1_3' title="bbox 27 463 992 508">
     <span class='ocr_line' id='line_1_8' title="bbox 27 463 992 508; baseline -0.007 -3"><span class='ocrx_word' id='word_1_62' title='bbox 27 470 88 507; x_wconf 78' lang='lat' dir='ltr'>An</span> <span class='ocrx_word' id='word_1_63' title='bbox 100 471 139 506; x_wconf 88' lang='lat' dir='ltr'>stt</span> <span class='ocrx_word' id='word_1_64' title='bbox 149 470 298 505; x_wconf 82' lang='lat' dir='ltr'>standum</span> <span class='ocrx_word' id='word_1_65' title='bbox 312 494 322 508; x_wconf 87' lang='lat'>‚</span> <span class='ocrx_word' id='word_1_66' title='bbox 341 468 398 506; x_wconf 87' lang='lat' dir='ltr'>vel</span> <span class='ocrx_word' id='word_1_67' title='bbox 412 467 627 504; x_wconf 88' lang='lat' dir='ltr'>recedendum</span> <span class='ocrx_word' id='word_1_68' title='bbox 637 478 655 502; x_wconf 85' lang='lat' dir='ltr'>a</span> <span class='ocrx_word' id='word_1_69' title='bbox 666 465 778 502; x_wconf 82' lang='lat' dir='ltr'>decisis</span> <span class='ocrx_word' id='word_1_70' title='bbox 791 467 826 502; x_wconf 89' lang='lat' dir='ltr'>in</span> <span class='ocrx_word' id='word_1_71' title='bbox 839 464 916 502; x_wconf 81' lang='lat' dir='ltr'>casu</span> <span class='ocrx_word' id='word_1_72' title='bbox 927 463 992 499; x_wconf 69' lang='grc' dir='ltr'>ἃς.</span> 
     </span>
    </p>
   </div>
   <div class='ocr_carea' id='block_1_3' title="bbox 111 546 255 608">
    <p class='ocr_par' dir='ltr' id='par_1_4' title="bbox 111 546 255 608">
     <span class='ocr_line' id='line_1_9' title="bbox 111 546 255 608; baseline 0 0"><span class='ocrx_word' id='word_1_73' title='bbox 111 546 234 608; x_wconf 71' lang='lat' dir='ltr'>Dilata</span> <span class='ocrx_word' id='word_1_74' title='bbox 247 599 255 608; x_wconf 90' lang='lat'>.</span> 
     </span>
    </p>
   </div>
   <div class='ocr_carea' id='block_1_4' title="bbox 17 753 1490 1232">
    <p class='ocr_par' dir='ltr' id='par_1_5' title="bbox 17 753 1490 1232">
     <span class='ocr_line' id='line_1_10' title="bbox 17 753 1487 842; baseline -0.004 -49"><span class='ocrx_word' id='word_1_75' title='bbox 17 759 103 842; x_wconf 82' lang='lat' dir='ltr'>C</span> <span class='ocrx_word' id='word_1_76' title='bbox 118 756 578 810; x_wconf 62' lang='lat' dir='ltr'><strong>ARRENCTORATEN.</strong></span> <span class='ocrx_word' id='word_1_77' title='bbox 606 759 743 805; x_wconf 83' lang='lat' dir='ltr'>Species</span> <span class='ocrx_word' id='word_1_78' title='bbox 759 760 859 803; x_wconf 81' lang='lat' dir='ltr'>huius</span> <span class='ocrx_word' id='word_1_79' title='bbox 874 760 995 798; x_wconf 82' lang='lat' dir='ltr'>Causae</span> <span class='ocrx_word' id='word_1_80' title='bbox 1011 757 1158 805; x_wconf 79' lang='lat' dir='ltr'>expressa</span> <span class='ocrx_word' id='word_1_81' title='bbox 1187 755 1249 791; x_wconf 89' lang='lat' dir='ltr'>fuit</span> <span class='ocrx_word' id='word_1_82' title='bbox 1264 753 1419 790; x_wconf 74' lang='lat' dir='ltr'>latissime</span> <span class='ocrx_word' id='word_1_83' title='bbox 1451 753 1487 788; x_wconf 89' lang='lat' dir='ltr'>in</span> 
     </span>
     <span class='ocr_line' id='line_1_11' title="bbox 115 802 1489 856; baseline 0.006 -17"><span class='ocrx_word' id='word_1_84' title='bbox 115 805 229 856; x_wconf 72' lang='lat' dir='ltr'>‘Folio</span> <span class='ocrx_word' id='word_1_85' title='bbox 241 805 527 851; x_wconf 85' lang='lat' dir='ltr'>Congregationis</span> <span class='ocrx_word' id='word_1_86' title='bbox 540 806 665 843; x_wconf 76' lang='lat' dir='ltr'>habita:</span> <span class='ocrx_word' id='word_1_87' title='bbox 679 807 732 842; x_wconf 92' lang='lat' dir='ltr'>die</span> <span class='ocrx_word' id='word_1_88' title='bbox 747 814 802 843; x_wconf 87' lang='lat'>26.</span> <span class='ocrx_word' id='word_1_89' title='bbox 815 808 966 848; x_wconf 85' lang='lat' dir='ltr'>Januarii</span> <span class='ocrx_word' id='word_1_90' title='bbox 983 808 1063 843; x_wconf 86' lang='lat' dir='ltr'>anni</span> <span class='ocrx_word' id='word_1_91' title='bbox 1083 816 1182 850; x_wconf 84' lang='lat'>1743·</span> <span class='ocrx_word' id='word_1_92' title='bbox 1196 832 1206 845; x_wconf 80' lang='lat'>‚</span> <span class='ocrx_word' id='word_1_93' title='bbox 1220 802 1310 849; x_wconf 71' lang='lat' dir='ltr'>quod</span> <span class='ocrx_word' id='word_1_94' title='bbox 1329 802 1362 836; x_wconf 68' lang='lat'>5¹¹</span> <span class='ocrx_word' id='word_1_95' title='bbox 1378 803 1489 837; x_wconf 67' lang='lat' dir='ltr'>lucem</span> 
     </span>
     <span class='ocr_line' id='line_1_12' title="bbox 67 849 1488 902; baseline 0.006 -15"><span class='ocrx_word' id='word_1_96' title='bbox 67 854 247 899; x_wconf 80' lang='lat' dir='ltr'>hominum</span> <span class='ocrx_word' id='word_1_97' title='bbox 261 852 390 887; x_wconf 85' lang='lat' dir='ltr'>editum</span> <span class='ocrx_word' id='word_1_98' title='bbox 403 851 468 887; x_wconf 89' lang='lat' dir='ltr'>fuit</span> <span class='ocrx_word' id='word_1_99' title='bbox 482 855 636 889; x_wconf 82' lang='lat' dir='ltr'>Vol.XIJ.</span> <span class='ocrx_word' id='word_1_100' title='bbox 652 855 786 899; x_wconf 80' lang='lat' dir='ltr'>Thesar.</span> <span class='ocrx_word' id='word_1_101' title='bbox 801 858 948 902; x_wconf 73' lang='lat' dir='ltr'>Resblut.</span> <span class='ocrx_word' id='word_1_102' title='bbox 966 863 1040 891; x_wconf 83' lang='lat' dir='ltr'>Sac.</span> <span class='ocrx_word' id='word_1_103' title='bbox 1057 861 1219 900; x_wconf 55' lang='lat' dir='ltr'>congreg:</span> <span class='ocrx_word' id='word_1_104' title='bbox 1227 861 1254 886; x_wconf 83' lang='lat' dir='ltr'>t.</span> <span class='ocrx_word' id='word_1_105' title='bbox 1263 859 1412 897; x_wconf 55' lang='lat' dir='ltr'>[vag-¹9·⁴</span> <span class='ocrx_word' id='word_1_106' title='bbox 1421 849 1488 883; x_wconf 76' lang='grc' dir='ltr'>ΡΟ·</span> 
     </span>
     <span class='ocr_line' id='line_1_13' title="bbox 66 898 1487 950; baseline -0.003 -16"><span class='ocrx_word' id='word_1_107' title='bbox 66 906 187 934; x_wconf 67' lang='lat' dir='ltr'>terunt</span> <span class='ocrx_word' id='word_1_108' title='bbox 202 900 306 947; x_wconf 87' lang='lat' dir='ltr'>igitur</span> <span class='ocrx_word' id='word_1_109' title='bbox 320 898 531 946; x_wconf 81' lang='lat' dir='ltr'>Ampliflimi</span> <span class='ocrx_word' id='word_1_110' title='bbox 545 901 662 936; x_wconf 79' lang='lat' dir='ltr'>Patres</span> <span class='ocrx_word' id='word_1_111' title='bbox 675 902 789 937; x_wconf 89' lang='lat' dir='ltr'>omnia</span> <span class='ocrx_word' id='word_1_112' title='bbox 813 928 821 941; x_wconf 91' lang='lat'>‚</span> <span class='ocrx_word' id='word_1_113' title='bbox 844 916 915 950; x_wconf 86' lang='lat' dir='ltr'>quae</span> <span class='ocrx_word' id='word_1_114' title='bbox 929 907 961 938; x_wconf 85' lang='lat' dir='ltr'>in</span> <span class='ocrx_word' id='word_1_115' title='bbox 975 902 1070 938; x_wconf 79' lang='lat' dir='ltr'>causa</span> <span class='ocrx_word' id='word_1_116' title='bbox 1089 909 1186 935; x_wconf 83' lang='lat' dir='ltr'>erant</span> <span class='ocrx_word' id='word_1_117' title='bbox 1201 927 1211 940; x_wconf 88' lang='lat'>,</span> <span class='ocrx_word' id='word_1_118' title='bbox 1239 910 1280 932; x_wconf 83' lang='lat' dir='ltr'>ex</span> <span class='ocrx_word' id='word_1_119' title='bbox 1297 907 1338 930; x_wconf 93' lang='lat' dir='ltr'>eo</span> <span class='ocrx_word' id='word_1_120' title='bbox 1350 906 1487 941; x_wconf 87' lang='lat' dir='ltr'>cogno-</span> 
     </span>
     <span class='ocr_line' id='line_1_14' title="bbox 68 942 1488 999; baseline -0.004 -17"><span class='ocrx_word' id='word_1_121' title='bbox 68 946 184 999; x_wconf 71' lang='lat' dir='ltr'>scere:</span> <span class='ocrx_word' id='word_1_122' title='bbox 208 946 389 992; x_wconf 82' lang='lat' dir='ltr'>Propositis</span> <span class='ocrx_word' id='word_1_123' title='bbox 401 957 440 980; x_wconf 88' lang='lat' dir='ltr'>ea</span> <span class='ocrx_word' id='word_1_124' title='bbox 454 948 508 983; x_wconf 89' lang='lat' dir='ltr'>die</span> <span class='ocrx_word' id='word_1_125' title='bbox 520 957 669 995; x_wconf 87' lang='lat' dir='ltr'>quatuor</span> <span class='ocrx_word' id='word_1_126' title='bbox 685 949 811 984; x_wconf 87' lang='lat' dir='ltr'>Dubiis</span> <span class='ocrx_word' id='word_1_127' title='bbox 824 976 835 985; x_wconf 88' lang='lat'><strong>.</strong></span> <span class='ocrx_word' id='word_1_128' title='bbox 862 950 890 986; x_wconf 91' lang='lat'>1.</span> <span class='ocrx_word' id='word_1_129' title='bbox 905 952 960 987; x_wconf 83' lang='lat' dir='ltr'>An</span> <span class='ocrx_word' id='word_1_130' title='bbox 975 950 1163 985; x_wconf 86' lang='lat' dir='ltr'>Decretum</span> <span class='ocrx_word' id='word_1_131' title='bbox 1176 946 1292 982; x_wconf 84' lang='lat' dir='ltr'>Curiae</span> <span class='ocrx_word' id='word_1_132' title='bbox 1305 942 1488 989; x_wconf 86' lang='lat' dir='ltr'>Episcopa-</span> 
     </span>
     <span class='ocr_line' id='line_1_15' title="bbox 19 992 1489 1045; baseline -0.003 -17"><span class='ocrx_word' id='word_1_133' title='bbox 19 1040 22 1041; x_wconf 19' lang='lat'><em>⁷</em></span> <span class='ocrx_word' id='word_1_134' title='bbox 71 995 112 1029; x_wconf 78' lang='lat' dir='ltr'>lis</span> <span class='ocrx_word' id='word_1_135' title='bbox 126 993 423 1045; x_wconf 67' lang='lat' dir='ltr'>CarpenCloraten.</span> <span class='ocrx_word' id='word_1_136' title='bbox 445 996 550 1031; x_wconf 88' lang='lat' dir='ltr'>latum</span> <span class='ocrx_word' id='word_1_137' title='bbox 575 1007 666 1030; x_wconf 86' lang='lat' dir='ltr'>anno</span> <span class='ocrx_word' id='word_1_138' title='bbox 685 1003 784 1035; x_wconf 83' lang='lat'>1633.</span> <span class='ocrx_word' id='word_1_139' title='bbox 812 997 916 1045; x_wconf 82' lang='lat' dir='ltr'>super</span> <span class='ocrx_word' id='word_1_140' title='bbox 940 994 1231 1032; x_wconf 86' lang='lat' dir='ltr'>administratione</span> <span class='ocrx_word' id='word_1_141' title='bbox 1249 992 1489 1027; x_wconf 84' lang='lat' dir='ltr'>Sacramento-</span> 
     </span>
     <span class='ocr_line' id='line_1_16' title="bbox 73 1040 1488 1091; baseline -0.003 -14"><span class='ocrx_word' id='word_1_142' title='bbox 73 1042 275 1078; x_wconf 80' lang='lat' dir='ltr'>rem&#39;lncolis</span> <span class='ocrx_word' id='word_1_143' title='bbox 289 1043 576 1077; x_wconf 84' lang='lat' dir='ltr'>commorantibus</span> <span class='ocrx_word' id='word_1_144' title='bbox 589 1043 623 1077; x_wconf 91' lang='lat' dir='ltr'>in</span> <span class='ocrx_word' id='word_1_145' title='bbox 633 1042 791 1077; x_wconf 84' lang='lat' dir='ltr'>Prioratu</span> <span class='ocrx_word' id='word_1_146' title='bbox 803 1044 837 1080; x_wconf 86' lang='lat' dir='ltr'>S.</span> <span class='ocrx_word' id='word_1_147' title='bbox 854 1044 1039 1091; x_wconf 81' lang='lat' dir='ltr'>Hyppoliti</span> <span class='ocrx_word' id='word_1_148' title='bbox 1054 1043 1092 1078; x_wconf 85' lang='lat' dir='ltr'>fit</span> <span class='ocrx_word' id='word_1_149' title='bbox 1106 1040 1306 1077; x_wconf 84' lang='lat' dir='ltr'>servandum</span> <span class='ocrx_word' id='word_1_150' title='bbox 1322 1064 1331 1077; x_wconf 89' lang='lat'>,</span> <span class='ocrx_word' id='word_1_151' title='bbox 1346 1042 1388 1074; x_wconf 48' lang='grc' dir='ltr'>Θ*</span> <span class='ocrx_word' id='word_1_152' title='bbox 1404 1049 1488 1084; x_wconf 85' lang='lat' dir='ltr'>qua-</span> 
     </span>
     <span class='ocr_line' id='line_1_17' title="bbox 72 1082 1489 1137; baseline -0.005 -13"><span class='ocrx_word' id='word_1_153' title='bbox 72 1099 170 1125; x_wconf 80' lang='lat' dir='ltr'>tenus</span> <span class='ocrx_word' id='word_1_154' title='bbox 181 1092 347 1137; x_wconf 81' lang='lat' dir='ltr'>negative</span> <span class='ocrx_word' id='word_1_155' title='bbox 362 1117 369 1125; x_wconf 90' lang='lat'>.</span> <span class='ocrx_word' id='word_1_156' title='bbox 395 1086 442 1124; x_wconf 83' lang='lat' dir='ltr'>ll.</span> <span class='ocrx_word' id='word_1_157' title='bbox 456 1091 514 1125; x_wconf 89' lang='lat' dir='ltr'>An</span> <span class='ocrx_word' id='word_1_158' title='bbox 522 1090 603 1125; x_wconf 90' lang='lat' dir='ltr'>unio</span> <span class='ocrx_word' id='word_1_159' title='bbox 611 1091 651 1124; x_wconf 89' lang='lat' dir='ltr'>de</span> <span class='ocrx_word' id='word_1_160' title='bbox 662 1102 729 1136; x_wconf 88' lang='lat' dir='ltr'>qua</span> <span class='ocrx_word' id='word_1_161' title='bbox 743 1091 856 1136; x_wconf 86' lang='lat' dir='ltr'>agitur</span> <span class='ocrx_word' id='word_1_162' title='bbox 869 1091 953 1127; x_wconf 66' lang='lat' dir='ltr'>facta</span> <span class='ocrx_word' id='word_1_163' title='bbox 975 1102 1065 1127; x_wconf 84' lang='lat' dir='ltr'>anno</span> <span class='ocrx_word' id='word_1_164' title='bbox 1080 1094 1177 1134; x_wconf 86' lang='lat'>1736.</span> <span class='ocrx_word' id='word_1_165' title='bbox 1205 1085 1425 1122; x_wconf 86' lang='lat' dir='ltr'>substineatur</span> <span class='ocrx_word' id='word_1_166' title='bbox 1454 1082 1489 1117; x_wconf 83' lang='lat' dir='ltr'>in</span> 
     </span>
     <span class='ocr_line' id='line_1_18' title="bbox 73 1129 1489 1186; baseline -0.003 -15"><span class='ocrx_word' id='word_1_167' title='bbox 73 1134 152 1172; x_wconf 76' lang='lat' dir='ltr'>casu</span> <span class='ocrx_word' id='word_1_168' title='bbox 166 1137 230 1172; x_wconf 85' lang='lat' dir='ltr'>&amp;c.</span> <span class='ocrx_word' id='word_1_169' title='bbox 243 1163 254 1176; x_wconf 85' lang='lat'>,</span> <span class='ocrx_word' id='word_1_170' title='bbox 279 1140 322 1173; x_wconf 57' lang='grc' dir='ltr'>ό»</span> <span class='ocrx_word' id='word_1_171' title='bbox 334 1144 503 1183; x_wconf 73' lang='lat' dir='ltr'>quatenus</span> <span class='ocrx_word' id='word_1_172' title='bbox 517 1140 682 1184; x_wconf 77' lang='lat' dir='ltr'>negative</span> <span class='ocrx_word' id='word_1_173' title='bbox 695 1139 738 1171; x_wconf 85' lang='lat' dir='ltr'>ad</span> <span class='ocrx_word' id='word_1_174' title='bbox 750 1147 931 1186; x_wconf 80' lang='lat' dir='ltr'>utrumque</span> <span class='ocrx_word' id='word_1_175' title='bbox 943 1164 952 1173; x_wconf 89' lang='lat'>.</span> <span class='ocrx_word' id='word_1_176' title='bbox 978 1137 1042 1173; x_wconf 66' lang='lat'>111.</span> <span class='ocrx_word' id='word_1_177' title='bbox 1067 1141 1125 1172; x_wconf 90' lang='lat' dir='ltr'>An</span> <span class='ocrx_word' id='word_1_178' title='bbox 1140 1133 1334 1171; x_wconf 85' lang='lat' dir='ltr'>Canonicus</span> <span class='ocrx_word' id='word_1_179' title='bbox 1351 1129 1489 1166; x_wconf 77' lang='lat' dir='ltr'>Sacrista</span> 
     </span>
     <span class='ocr_line' id='line_1_19' title="bbox 75 1179 1490 1232; baseline -0.003 -14"><span class='ocrx_word' id='word_1_180' title='bbox 75 1183 230 1218; x_wconf 79' lang='lat' dir='ltr'>Ecclesiae</span> <span class='ocrx_word' id='word_1_181' title='bbox 243 1182 462 1219; x_wconf 84' lang='lat' dir='ltr'>Cathedralis</span> <span class='ocrx_word' id='word_1_182' title='bbox 476 1183 626 1229; x_wconf 80' lang='lat' dir='ltr'>Carpen.</span> <span class='ocrx_word' id='word_1_183' title='bbox 654 1184 752 1218; x_wconf 85' lang='lat' dir='ltr'>Prior</span> <span class='ocrx_word' id='word_1_184' title='bbox 774 1185 805 1220; x_wconf 85' lang='lat' dir='ltr'>S.</span> <span class='ocrx_word' id='word_1_185' title='bbox 821 1185 1006 1232; x_wconf 87' lang='lat' dir='ltr'>Hyppoliti</span> <span class='ocrx_word' id='word_1_186' title='bbox 1025 1193 1180 1220; x_wconf 83' lang='lat' dir='ltr'>teneatur</span> <span class='ocrx_word' id='word_1_187' title='bbox 1205 1179 1385 1228; x_wconf 88' lang='lat' dir='ltr'>providere</span> <span class='ocrx_word' id='word_1_188' title='bbox 1407 1189 1490 1225; x_wconf 81' lang='lat' dir='ltr'>pro-</span> 
     </span>
    </p>
   </div>
   <div class='ocr_carea' id='block_1_5' title="bbox 1517 745 1721 826">
    <p class='ocr_par' dir='ltr' id='par_1_6' title="bbox 1517 745 1721 826">
     <span class='ocr_line' id='line_1_20' title="bbox 1517 745 1721 786; baseline -0.01 -10"><span class='ocrx_word' id='word_1_189' title='bbox 1517 745 1721 786; x_wconf 52' lang='lat' dir='ltr'>sestam-14.</span> 
     </span>
     <span class='ocr_line' id='line_1_21' title="bbox 1524 786 1635 826; baseline -0.027 -10"><span class='ocrx_word' id='word_1_190' title='bbox 1524 790 1559 816; x_wconf 75' lang='lat' dir='ltr'>de</span> <span class='ocrx_word' id='word_1_191' title='bbox 1568 786 1635 826; x_wconf 61' lang='lat' dir='ltr'>Res}</span> 
     </span>
    </p>
   </div>
   <div class='ocr_carea' id='block_1_6' title="bbox 73 1224 1547 1277">
    <p class='ocr_par' dir='ltr' id='par_1_7' title="bbox 73 1224 1547 1277">
     <span class='ocr_line' id='line_1_22' title="bbox 73 1224 1547 1277; baseline -0.005 -12"><span class='ocrx_word' id='word_1_192' title='bbox 73 1230 157 1277; x_wconf 87' lang='lat' dir='ltr'>priis</span> <span class='ocrx_word' id='word_1_193' title='bbox 175 1230 362 1275; x_wconf 84' lang='lat' dir='ltr'>sumptibus</span> <span class='ocrx_word' id='word_1_194' title='bbox 386 1229 670 1266; x_wconf 89' lang='lat' dir='ltr'>administrationi</span> <span class='ocrx_word' id='word_1_195' title='bbox 693 1232 994 1268; x_wconf 84' lang='lat' dir='ltr'>Sacramentorurn</span> <span class='ocrx_word' id='word_1_196' title='bbox 1016 1232 1117 1267; x_wconf 67' lang='lat' dir='ltr'>dietis</span> <span class='ocrx_word' id='word_1_197' title='bbox 1142 1229 1285 1266; x_wconf 82' lang='lat' dir='ltr'>incolis,</span> <span class='ocrx_word' id='word_1_198' title='bbox 1309 1224 1492 1262; x_wconf 83' lang='lat' dir='ltr'>retinendo</span> <span class='ocrx_word' id='word_1_199' title='bbox 1544 1256 1547 1258; x_wconf 74' lang='grc'>,</span> 
     </span>
    </p>
   </div>
   <div class='ocr_carea' id='block_1_7' title="bbox 73 1271 1505 1704">
    <p class='ocr_par' dir='ltr' id='par_1_8' title="bbox 73 1271 1505 1704">
     <span class='ocr_line' id='line_1_23' title="bbox 75 1271 1495 1324; baseline -0.006 -11"><span class='ocrx_word' id='word_1_200' title='bbox 75 1279 197 1313; x_wconf 88' lang='lat' dir='ltr'>ibidem</span> <span class='ocrx_word' id='word_1_201' title='bbox 216 1277 416 1315; x_wconf 53' lang='lat' dir='ltr'>Victrium‚</span> <span class='ocrx_word' id='word_1_202' title='bbox 439 1278 496 1324; x_wconf 88' lang='lat' dir='ltr'>qui</span> <span class='ocrx_word' id='word_1_203' title='bbox 511 1277 695 1313; x_wconf 67' lang='lat' dir='ltr'>functiones</span> <span class='ocrx_word' id='word_1_204' title='bbox 707 1290 823 1314; x_wconf 89' lang='lat' dir='ltr'>omnes</span> <span class='ocrx_word' id='word_1_205' title='bbox 836 1280 1052 1315; x_wconf 78' lang='lat' dir='ltr'>Parochiales</span> <span class='ocrx_word' id='word_1_206' title='bbox 1070 1278 1273 1323; x_wconf 87' lang='lat' dir='ltr'>adimpleat,</span> <span class='ocrx_word' id='word_1_207' title='bbox 1301 1274 1354 1309; x_wconf 89' lang='lat' dir='ltr'>seu</span> <span class='ocrx_word' id='word_1_208' title='bbox 1380 1271 1495 1317; x_wconf 83' lang='lat' dir='ltr'>potius</span> 
     </span>
     <span class='ocr_line' id='line_1_24' title="bbox 73 1320 1495 1373; baseline -0.006 -13"><span class='ocrx_word' id='word_1_209' title='bbox 73 1325 114 1360; x_wconf 89' lang='lat' dir='ltr'>ad</span> <span class='ocrx_word' id='word_1_210' title='bbox 127 1325 323 1367; x_wconf 89' lang='lat' dir='ltr'>hujusmodi</span> <span class='ocrx_word' id='word_1_211' title='bbox 336 1336 420 1359; x_wconf 85' lang='lat' dir='ltr'>onus</span> <span class='ocrx_word' id='word_1_212' title='bbox 436 1334 613 1360; x_wconf 85' lang='lat' dir='ltr'>teneantur</span> <span class='ocrx_word' id='word_1_213' title='bbox 623 1325 770 1371; x_wconf 80' lang='lat' dir='ltr'>propriis</span> <span class='ocrx_word' id='word_1_214' title='bbox 784 1327 971 1373; x_wconf 80' lang='lat' dir='ltr'>sumptibus</span> <span class='ocrx_word' id='word_1_215' title='bbox 984 1327 1078 1361; x_wconf 85' lang='lat' dir='ltr'>Prior</span> <span class='ocrx_word' id='word_1_216' title='bbox 1091 1352 1101 1365; x_wconf 93' lang='lat'>‚</span> <span class='ocrx_word' id='word_1_217' title='bbox 1127 1325 1158 1359; x_wconf 76' lang='grc' dir='ltr'>δι</span> <span class='ocrx_word' id='word_1_218' title='bbox 1174 1321 1340 1359; x_wconf 75' lang='lat' dir='ltr'>parochus</span> <span class='ocrx_word' id='word_1_219' title='bbox 1351 1320 1495 1354; x_wconf 92' lang='lat' dir='ltr'>Carum-</span> 
     </span>
     <span class='ocr_line' id='line_1_25' title="bbox 75 1367 1494 1420; baseline -0.008 -7"><span class='ocrx_word' id='word_1_220' title='bbox 75 1374 110 1407; x_wconf 78' lang='lat' dir='ltr'>bi</span> <span class='ocrx_word' id='word_1_221' title='bbox 125 1398 135 1412; x_wconf 68' lang='lat'><strong><em>³</em></strong></span> <span class='ocrx_word' id='word_1_222' title='bbox 146 1371 294 1419; x_wconf 77' lang='lat' dir='ltr'>populus</span> <span class='ocrx_word' id='word_1_223' title='bbox 307 1398 317 1411; x_wconf 82' lang='lat'>‚</span> <span class='ocrx_word' id='word_1_224' title='bbox 331 1372 389 1406; x_wconf 78' lang='lat' dir='ltr'>vel</span> <span class='ocrx_word' id='word_1_225' title='bbox 404 1371 590 1420; x_wconf 71' lang='lat' dir='ltr'>Episcopus</span> <span class='ocrx_word' id='word_1_226' title='bbox 604 1398 613 1412; x_wconf 88' lang='lat'>,</span> <span class='ocrx_word' id='word_1_227' title='bbox 637 1375 692 1407; x_wconf 86' lang='lat' dir='ltr'>seu</span> <span class='ocrx_word' id='word_1_228' title='bbox 703 1373 790 1409; x_wconf 64' lang='lat' dir='ltr'>alias</span> <span class='ocrx_word' id='word_1_229' title='bbox 798 1374 966 1420; x_wconf 89' lang='lat' dir='ltr'>quomodo</span> <span class='ocrx_word' id='word_1_230' title='bbox 977 1373 1016 1408; x_wconf 83' lang='lat' dir='ltr'>sit</span> <span class='ocrx_word' id='word_1_231' title='bbox 1030 1371 1279 1418; x_wconf 84' lang='lat' dir='ltr'>providendum</span> <span class='ocrx_word' id='word_1_232' title='bbox 1291 1370 1324 1402; x_wconf 84' lang='lat' dir='ltr'>in</span> <span class='ocrx_word' id='word_1_233' title='bbox 1337 1367 1411 1402; x_wconf 87' lang='lat' dir='ltr'>casu</span> <span class='ocrx_word' id='word_1_234' title='bbox 1427 1367 1494 1402; x_wconf 74' lang='grc' dir='ltr'>διε.</span> 
     </span>
     <span class='ocr_line' id='line_1_26' title="bbox 77 1414 1497 1465; baseline -0.015 2"><span class='ocrx_word' id='word_1_235' title='bbox 77 1419 141 1454; x_wconf 67' lang='lat' dir='ltr'>IV·</span> <span class='ocrx_word' id='word_1_236' title='bbox 161 1421 218 1454; x_wconf 73' lang='lat' dir='ltr'>An</span> <span class='ocrx_word' id='word_1_237' title='bbox 233 1419 383 1453; x_wconf 68' lang='lat' dir='ltr'>paroeho</span> <span class='ocrx_word' id='word_1_238' title='bbox 396 1443 407 1456; x_wconf 64' lang='grc' dir='ltr'><strong>ο</strong></span> <span class='ocrx_word' id='word_1_239' title='bbox 431 1419 538 1455; x_wconf 74' lang='lat' dir='ltr'>Clero</span> <span class='ocrx_word' id='word_1_240' title='bbox 551 1447 561 1460; x_wconf 84' lang='lat'>‚</span> <span class='ocrx_word' id='word_1_241' title='bbox 587 1418 804 1465; x_wconf 79' lang='lat' dir='ltr'>Magistratui</span> <span class='ocrx_word' id='word_1_242' title='bbox 819 1447 828 1460; x_wconf 88' lang='lat'>‚</span> <span class='ocrx_word' id='word_1_243' title='bbox 853 1421 1060 1456; x_wconf 82' lang='lat' dir='ltr'>Consulibus</span> <span class='ocrx_word' id='word_1_244' title='bbox 1075 1418 1238 1453; x_wconf 85' lang='lat' dir='ltr'>Carumbi</span> <span class='ocrx_word' id='word_1_245' title='bbox 1254 1442 1264 1455; x_wconf 90' lang='lat'><em>,</em></span> <span class='ocrx_word' id='word_1_246' title='bbox 1290 1415 1321 1450; x_wconf 83' lang='lat'>&amp;</span> <span class='ocrx_word' id='word_1_247' title='bbox 1340 1414 1497 1449; x_wconf 79' lang='lat' dir='ltr'>Habita—</span> 
     </span>
     <span class='ocr_line' id='line_1_27' title="bbox 77 1459 1499 1513; baseline -0.006 -11"><span class='ocrx_word' id='word_1_248' title='bbox 77 1466 213 1502; x_wconf 88' lang='lat' dir='ltr'>toribus</span> <span class='ocrx_word' id='word_1_249' title='bbox 227 1464 414 1501; x_wconf 88' lang='lat' dir='ltr'>Territorii</span> <span class='ocrx_word' id='word_1_250' title='bbox 426 1465 457 1501; x_wconf 89' lang='lat' dir='ltr'>S.</span> <span class='ocrx_word' id='word_1_251' title='bbox 473 1467 658 1513; x_wconf 85' lang='lat' dir='ltr'>Hyppoliti</span> <span class='ocrx_word' id='word_1_252' title='bbox 673 1466 707 1500; x_wconf 92' lang='lat' dir='ltr'>in</span> <span class='ocrx_word' id='word_1_253' title='bbox 718 1468 773 1502; x_wconf 88' lang='lat' dir='ltr'>die</span> <span class='ocrx_word' id='word_1_254' title='bbox 789 1465 998 1503; x_wconf 86' lang='lat' dir='ltr'>Festivitatis</span> <span class='ocrx_word' id='word_1_255' title='bbox 1020 1465 1100 1500; x_wconf 71' lang='lat' dir='ltr'>dicti</span> <span class='ocrx_word' id='word_1_256' title='bbox 1118 1465 1231 1500; x_wconf 79' lang='lat' dir='ltr'>Sancti</span> <span class='ocrx_word' id='word_1_257' title='bbox 1245 1459 1499 1509; x_wconf 83' lang='lat' dir='ltr'>proceffionali-</span> 
     </span>
     <span class='ocr_line' id='line_1_28' title="bbox 79 1509 1499 1557; baseline -0.006 -9"><span class='ocrx_word' id='word_1_258' title='bbox 79 1513 387 1551; x_wconf 71' lang='lat' dir='ltr'>teraccedentibus</span> <span class='ocrx_word' id='word_1_259' title='bbox 415 1513 455 1547; x_wconf 86' lang='lat' dir='ltr'>ad</span> <span class='ocrx_word' id='word_1_260' title='bbox 475 1514 621 1556; x_wconf 83' lang='lat' dir='ltr'>ejusdem</span> <span class='ocrx_word' id='word_1_261' title='bbox 640 1515 944 1550; x_wconf 72' lang='lat' dir='ltr'>SanfflEcclefiam</span> <span class='ocrx_word' id='word_1_262' title='bbox 957 1514 1059 1549; x_wconf 85' lang='lat' dir='ltr'>Prior</span> <span class='ocrx_word' id='word_1_263' title='bbox 1083 1509 1315 1557; x_wconf 68' lang='lat' dir='ltr'>Sijppoliti</span> <span class='ocrx_word' id='word_1_264' title='bbox 1339 1517 1499 1542; x_wconf 84' lang='lat' dir='ltr'>teneatur</span> 
     </span>
     <span class='ocr_line' id='line_1_29' title="bbox 80 1553 1503 1609; baseline -0.012 -5"><span class='ocrx_word' id='word_1_265' title='bbox 80 1562 236 1609; x_wconf 68' lang='lat' dir='ltr'>Psaestare</span> <span class='ocrx_word' id='word_1_266' title='bbox 245 1560 425 1607; x_wconf 70' lang='lat' dir='ltr'>prandium</span> <span class='ocrx_word' id='word_1_267' title='bbox 441 1586 450 1599; x_wconf 83' lang='lat'>‚</span> <span class='ocrx_word' id='word_1_268' title='bbox 464 1559 679 1596; x_wconf 71' lang='lat' dir='ltr'>refectionem</span> <span class='ocrx_word' id='word_1_269' title='bbox 696 1561 815 1598; x_wconf 89' lang='lat' dir='ltr'>eadem</span> <span class='ocrx_word' id='word_1_270' title='bbox 829 1562 896 1601; x_wconf 86' lang='lat' dir='ltr'>die,</span> <span class='ocrx_word' id='word_1_271' title='bbox 910 1572 1038 1598; x_wconf 80' lang='lat' dir='ltr'>necnon</span> <span class='ocrx_word' id='word_1_272' title='bbox 1051 1569 1207 1594; x_wconf 88' lang='lat' dir='ltr'>teneatur</span> <span class='ocrx_word' id='word_1_273' title='bbox 1220 1557 1308 1592; x_wconf 86' lang='lat' dir='ltr'>aliud</span> <span class='ocrx_word' id='word_1_274' title='bbox 1325 1553 1503 1599; x_wconf 88' lang='lat' dir='ltr'>prandium</span> 
     </span>
     <span class='ocr_line' id='line_1_30' title="bbox 81 1602 1505 1655; baseline -0.014 -1"><span class='ocrx_word' id='word_1_275' title='bbox 81 1611 116 1644; x_wconf 61' lang='lat'>5¹¹</span> <span class='ocrx_word' id='word_1_276' title='bbox 131 1609 208 1645; x_wconf 68' lang='lat'><strong>¹00⁰</strong></span> <span class='ocrx_word' id='word_1_277' title='bbox 222 1607 384 1643; x_wconf 72' lang='lat' dir='ltr'>Carumbi</span> <span class='ocrx_word' id='word_1_278' title='bbox 399 1606 512 1642; x_wconf 87' lang='lat' dir='ltr'>iisdem</span> <span class='ocrx_word' id='word_1_279' title='bbox 528 1607 681 1643; x_wconf 70' lang='lat' dir='ltr'>Parocho</span> <span class='ocrx_word' id='word_1_280' title='bbox 692 1634 702 1647; x_wconf 87' lang='lat'>‚</span> <span class='ocrx_word' id='word_1_281' title='bbox 725 1609 833 1644; x_wconf 84' lang='lat' dir='ltr'>Clero</span> <span class='ocrx_word' id='word_1_282' title='bbox 846 1635 857 1649; x_wconf 90' lang='lat'>‚</span> <span class='ocrx_word' id='word_1_283' title='bbox 883 1606 1101 1655; x_wconf 83' lang='lat' dir='ltr'>Magistratui</span> <span class='ocrx_word' id='word_1_284' title='bbox 1115 1632 1125 1645; x_wconf 89' lang='lat'>‚</span> <span class='ocrx_word' id='word_1_285' title='bbox 1150 1606 1181 1640; x_wconf 91' lang='lat'>&amp;</span> <span class='ocrx_word' id='word_1_286' title='bbox 1195 1602 1403 1638; x_wconf 87' lang='lat' dir='ltr'>Consulibus</span> <span class='ocrx_word' id='word_1_287' title='bbox 1420 1611 1505 1646; x_wconf 88' lang='lat' dir='ltr'>prae-</span> 
     </span>
     <span class='ocr_line' id='line_1_31' title="bbox 84 1648 1505 1704; baseline -0.008 -12"><span class='ocrx_word' id='word_1_288' title='bbox 84 1657 167 1692; x_wconf 82' lang='lat' dir='ltr'>stare</span> <span class='ocrx_word' id='word_1_289' title='bbox 180 1656 233 1690; x_wconf 88' lang='lat' dir='ltr'>die</span> <span class='ocrx_word' id='word_1_290' title='bbox 248 1655 438 1691; x_wconf 85' lang='lat' dir='ltr'>Dominica</span> <span class='ocrx_word' id='word_1_291' title='bbox 452 1654 606 1702; x_wconf 85' lang='lat' dir='ltr'>sequenti</span> <span class='ocrx_word' id='word_1_292' title='bbox 619 1655 654 1689; x_wconf 91' lang='lat' dir='ltr'>in</span> <span class='ocrx_word' id='word_1_293' title='bbox 669 1655 745 1690; x_wconf 87' lang='lat' dir='ltr'>casu</span> <span class='ocrx_word' id='word_1_294' title='bbox 760 1658 827 1692; x_wconf 85' lang='lat' dir='ltr'>&amp;c.</span> <span class='ocrx_word' id='word_1_295' title='bbox 851 1657 1044 1704; x_wconf 73' lang='lat' dir='ltr'>Responsum</span> <span class='ocrx_word' id='word_1_296' title='bbox 1053 1655 1127 1697; x_wconf 83' lang='lat' dir='ltr'>fuit</span> <span class='ocrx_word' id='word_1_297' title='bbox 1139 1671 1181 1677; x_wconf 96' lang='lat'>--</span> <span class='ocrx_word' id='word_1_298' title='bbox 1197 1650 1250 1686; x_wconf 91' lang='lat' dir='ltr'>Ad</span> <span class='ocrx_word' id='word_1_299' title='bbox 1264 1650 1415 1696; x_wconf 87' lang='lat' dir='ltr'>primum</span> <span class='ocrx_word' id='word_1_300' title='bbox 1427 1674 1438 1687; x_wconf 91' lang='lat'>,</span> <span class='ocrx_word' id='word_1_301' title='bbox 1471 1648 1505 1682; x_wconf 87' lang='lat'>&amp;</span> 
     </span>
    </p>
   </div>
   <div class='ocr_carea' id='block_1_8' title="bbox 82 1695 1558 1751">
    <p class='ocr_par' dir='ltr' id='par_1_9' title="bbox 82 1695 1558 1751">
     <span class='ocr_line' id='line_1_32' title="bbox 82 1695 1558 1751; baseline -0.007 -13"><span class='ocrx_word' id='word_1_302' title='bbox 82 1704 260 1742; x_wconf 82' lang='lat' dir='ltr'>secundum</span> <span class='ocrx_word' id='word_1_303' title='bbox 280 1704 453 1751; x_wconf 80' lang='lat' dir='ltr'>Negative</span> <span class='ocrx_word' id='word_1_304' title='bbox 468 1732 475 1741; x_wconf 89' lang='lat'>.</span> <span class='ocrx_word' id='word_1_305' title='bbox 493 1704 548 1739; x_wconf 72' lang='lat' dir='ltr'>Ad</span> <span class='ocrx_word' id='word_1_306' title='bbox 561 1705 701 1739; x_wconf 89' lang='lat' dir='ltr'>tertium</span> <span class='ocrx_word' id='word_1_307' title='bbox 714 1703 933 1740; x_wconf 83' lang='lat' dir='ltr'>Affirmative</span> <span class='ocrx_word' id='word_1_308' title='bbox 949 1704 988 1738; x_wconf 89' lang='lat' dir='ltr'>ad</span> <span class='ocrx_word' id='word_1_309' title='bbox 1002 1701 1146 1748; x_wconf 77' lang='lat' dir='ltr'>prImam</span> <span class='ocrx_word' id='word_1_310' title='bbox 1160 1706 1288 1746; x_wconf 86' lang='lat' dir='ltr'>partem</span> <span class='ocrx_word' id='word_1_311' title='bbox 1309 1722 1317 1730; x_wconf 91' lang='lat'><strong><em>.</em></strong></span> <span class='ocrx_word' id='word_1_312' title='bbox 1333 1695 1390 1731; x_wconf 87' lang='lat' dir='ltr'>Ad</span> <span class='ocrx_word' id='word_1_313' title='bbox 1405 1704 1508 1740; x_wconf 48' lang='lat' dir='ltr'>quar?</span> <span class='ocrx_word' id='word_1_314' title='bbox 1554 1701 1558 1704; x_wconf 86' lang='grc'><em>·</em></span> 
     </span>
    </p>
   </div>
   <div class='ocr_carea' id='block_1_9' title="bbox 41 1751 1510 2035">
    <p class='ocr_par' dir='ltr' id='par_1_10' title="bbox 86 1751 607 1798">
     <span class='ocr_line' id='line_1_33' title="bbox 86 1751 607 1798; baseline 0.006 -13"><span class='ocrx_word' id='word_1_315' title='bbox 86 1761 157 1786; x_wconf 85' lang='lat' dir='ltr'>turn</span> <span class='ocrx_word' id='word_1_316' title='bbox 171 1751 343 1798; x_wconf 79' lang='lat' dir='ltr'>Negative</span> <span class='ocrx_word' id='word_1_317' title='bbox 360 1781 368 1788; x_wconf 90' lang='lat'><strong>.</strong></span> <span class='ocrx_word' id='word_1_318' title='bbox 395 1754 426 1787; x_wconf 87' lang='lat'>&amp;</span> <span class='ocrx_word' id='word_1_319' title='bbox 437 1752 607 1798; x_wconf 80' lang='lat' dir='ltr'>amplius.</span> 
     </span>
    </p>

    <p class='ocr_par' dir='ltr' id='par_1_11' title="bbox 41 1788 1510 2035">
     <span class='ocr_line' id='line_1_34' title="bbox 41 1788 1507 1847; baseline -0.011 -9"><span class='ocrx_word' id='word_1_320' title='bbox 41 1798 230 1847; x_wconf 80' lang='lat' dir='ltr'>Im-petrata</span> <span class='ocrx_word' id='word_1_321' title='bbox 244 1799 322 1833; x_wconf 87' lang='lat' dir='ltr'>inde</span> <span class='ocrx_word' id='word_1_322' title='bbox 336 1811 354 1834; x_wconf 92' lang='lat' dir='ltr'>a</span> <span class='ocrx_word' id='word_1_323' title='bbox 365 1799 546 1836; x_wconf 88' lang='lat' dir='ltr'>Canonico</span> <span class='ocrx_word' id='word_1_324' title='bbox 561 1801 703 1836; x_wconf 82' lang='lat' dir='ltr'>sacrista</span> <span class='ocrx_word' id='word_1_325' title='bbox 715 1827 725 1840; x_wconf 86' lang='lat'><em>,</em></span> <span class='ocrx_word' id='word_1_326' title='bbox 752 1803 783 1836; x_wconf 75' lang='grc' dir='ltr'>δι</span> <span class='ocrx_word' id='word_1_327' title='bbox 797 1801 906 1837; x_wconf 84' lang='lat' dir='ltr'>Priore</span> <span class='ocrx_word' id='word_1_328' title='bbox 924 1801 954 1834; x_wconf 83' lang='lat' dir='ltr'>S.</span> <span class='ocrx_word' id='word_1_329' title='bbox 967 1794 1153 1844; x_wconf 86' lang='lat' dir='ltr'>Hyppoliti</span> <span class='ocrx_word' id='word_1_330' title='bbox 1169 1792 1331 1828; x_wconf 82' lang='lat' dir='ltr'>facultate</span> <span class='ocrx_word' id='word_1_331' title='bbox 1355 1791 1431 1842; x_wconf 78' lang='lat' dir='ltr'>iura</span> <span class='ocrx_word' id='word_1_332' title='bbox 1448 1788 1507 1824; x_wconf 84' lang='lat' dir='ltr'>sua</span> 
     </span>
     <span class='ocr_line' id='line_1_35' title="bbox 86 1836 1508 1894; baseline -0.013 -6"><span class='ocrx_word' id='word_1_333' title='bbox 86 1849 209 1883; x_wconf 88' lang='lat' dir='ltr'>iterum</span> <span class='ocrx_word' id='word_1_334' title='bbox 221 1848 426 1892; x_wconf 82' lang='lat' dir='ltr'>proponendi</span> <span class='ocrx_word' id='word_1_335' title='bbox 443 1848 552 1894; x_wconf 83' lang='lat' dir='ltr'>quoad</span> <span class='ocrx_word' id='word_1_336' title='bbox 567 1849 630 1882; x_wconf 91' lang='lat' dir='ltr'>tria</span> <span class='ocrx_word' id='word_1_337' title='bbox 640 1849 749 1892; x_wconf 85' lang='lat' dir='ltr'>prima</span> <span class='ocrx_word' id='word_1_338' title='bbox 760 1849 870 1893; x_wconf 84' lang='lat' dir='ltr'>capita</span> <span class='ocrx_word' id='word_1_339' title='bbox 887 1874 898 1890; x_wconf 83' lang='lat'>,</span> <span class='ocrx_word' id='word_1_340' title='bbox 917 1846 1028 1881; x_wconf 82' lang='lat' dir='ltr'>Causa</span> <span class='ocrx_word' id='word_1_341' title='bbox 1053 1846 1132 1879; x_wconf 85' lang='lat' dir='ltr'>data</span> <span class='ocrx_word' id='word_1_342' title='bbox 1152 1841 1218 1876; x_wconf 84' lang='lat' dir='ltr'>fuit</span> <span class='ocrx_word' id='word_1_343' title='bbox 1238 1841 1273 1874; x_wconf 91' lang='lat' dir='ltr'>in</span> <span class='ocrx_word' id='word_1_344' title='bbox 1300 1839 1399 1873; x_wconf 82' lang='lat' dir='ltr'>Folio</span> <span class='ocrx_word' id='word_1_345' title='bbox 1414 1836 1508 1871; x_wconf 77' lang='lat' dir='ltr'>Con·</span> 
     </span>
     <span class='ocr_line' id='line_1_36' title="bbox 85 1885 1508 1941; baseline -0.015 -5"><span class='ocrx_word' id='word_1_346' title='bbox 85 1894 291 1941; x_wconf 64' lang='lat' dir='ltr'>gregationis</span> <span class='ocrx_word' id='word_1_347' title='bbox 306 1894 431 1930; x_wconf 81' lang='lat' dir='ltr'>habitae</span> <span class='ocrx_word' id='word_1_348' title='bbox 444 1894 499 1928; x_wconf 76' lang='lat' dir='ltr'>die</span> <span class='ocrx_word' id='word_1_349' title='bbox 515 1905 543 1933; x_wconf 87' lang='lat'>3.</span> <span class='ocrx_word' id='word_1_350' title='bbox 562 1893 707 1941; x_wconf 82' lang='lat' dir='ltr'>Augusti</span> <span class='ocrx_word' id='word_1_351' title='bbox 723 1895 869 1937; x_wconf 84' lang='lat' dir='ltr'>ejusdem</span> <span class='ocrx_word' id='word_1_352' title='bbox 880 1893 958 1930; x_wconf 88' lang='lat' dir='ltr'>anni</span> <span class='ocrx_word' id='word_1_353' title='bbox 974 1900 1070 1932; x_wconf 80' lang='lat'>1743.</span> <span class='ocrx_word' id='word_1_354' title='bbox 1103 1898 1140 1925; x_wconf 90' lang='lat' dir='ltr'>ut</span> <span class='ocrx_word' id='word_1_355' title='bbox 1156 1893 1191 1925; x_wconf 84' lang='lat' dir='ltr'>in</span> <span class='ocrx_word' id='word_1_356' title='bbox 1207 1885 1325 1922; x_wconf 89' lang='lat' dir='ltr'>eodem</span> <span class='ocrx_word' id='word_1_357' title='bbox 1341 1887 1508 1935; x_wconf 55' lang='lat' dir='ltr'><em>T⁰⁷&#39;².·X{I·</em></span> 
     </span>
     <span class='ocr_line' id='line_1_37' title="bbox 90 1930 1510 1989; baseline -0.009 -13"><span class='ocrx_word' id='word_1_358' title='bbox 90 1943 416 1988; x_wconf 72' lang='lat' dir='ltr'>Thesaur.pag.146.</span> <span class='ocrx_word' id='word_1_359' title='bbox 432 1968 442 1981; x_wconf 87' lang='lat'>‚</span> <span class='ocrx_word' id='word_1_360' title='bbox 469 1950 504 1975; x_wconf 83' lang='lat' dir='ltr'>at</span> <span class='ocrx_word' id='word_1_361' title='bbox 519 1953 596 1976; x_wconf 87' lang='lat' dir='ltr'>cum</span> <span class='ocrx_word' id='word_1_362' title='bbox 610 1942 759 1989; x_wconf 91' lang='lat' dir='ltr'>proponi</span> <span class='ocrx_word' id='word_1_363' title='bbox 773 1954 839 1977; x_wconf 89' lang='lat' dir='ltr'>non</span> <span class='ocrx_word' id='word_1_364' title='bbox 854 1940 1007 1987; x_wconf 86' lang='lat' dir='ltr'>potuerit</span> <span class='ocrx_word' id='word_1_365' title='bbox 1019 1950 1058 1973; x_wconf 87' lang='lat' dir='ltr'>ca</span> <span class='ocrx_word' id='word_1_366' title='bbox 1069 1938 1123 1971; x_wconf 89' lang='lat' dir='ltr'>die</span> <span class='ocrx_word' id='word_1_367' title='bbox 1137 1962 1146 1976; x_wconf 94' lang='lat'>,</span> <span class='ocrx_word' id='word_1_368' title='bbox 1171 1932 1345 1984; x_wconf 69' lang='lat' dir='ltr'>proposita</span> <span class='ocrx_word' id='word_1_369' title='bbox 1378 1930 1444 1966; x_wconf 80' lang='lat' dir='ltr'>fuit</span> <span class='ocrx_word' id='word_1_370' title='bbox 1467 1940 1510 1964; x_wconf 78' lang='lat' dir='ltr'>in</span> 
     </span>
     <span class='ocr_line' id='line_1_38' title="bbox 88 1978 1508 2035; baseline -0.02 4"><span class='ocrx_word' id='word_1_371' title='bbox 88 1989 376 2035; x_wconf 61' lang='lat' dir='ltr'>congregatione</span> <span class='ocrx_word' id='word_1_372' title='bbox 387 1988 504 2024; x_wconf 85' lang='lat' dir='ltr'>habita</span> <span class='ocrx_word' id='word_1_373' title='bbox 520 1988 579 2023; x_wconf 71' lang='lat' dir='ltr'>die</span> <span class='ocrx_word' id='word_1_374' title='bbox 595 1998 650 2029; x_wconf 83' lang='lat'>24.</span> <span class='ocrx_word' id='word_1_375' title='bbox 668 1988 814 2034; x_wconf 85' lang='lat' dir='ltr'>Augusti</span> <span class='ocrx_word' id='word_1_376' title='bbox 827 1988 974 2031; x_wconf 79' lang='lat' dir='ltr'>ejusdem</span> <span class='ocrx_word' id='word_1_377' title='bbox 987 1985 1087 2024; x_wconf 89' lang='lat' dir='ltr'>anni,</span> <span class='ocrx_word' id='word_1_378' title='bbox 1111 1985 1143 2019; x_wconf 85' lang='lat'>&amp;</span> <span class='ocrx_word' id='word_1_379' title='bbox 1163 1983 1203 2017; x_wconf 89' lang='lat' dir='ltr'>ad</span> <span class='ocrx_word' id='word_1_380' title='bbox 1217 1981 1358 2015; x_wconf 88' lang='lat' dir='ltr'>dubium</span> <span class='ocrx_word' id='word_1_381' title='bbox 1371 1998 1410 2007; x_wconf 93' lang='lat'>--</span> <span class='ocrx_word' id='word_1_382' title='bbox 1435 1978 1508 2016; x_wconf 88' lang='lat' dir='ltr'>An,</span> 
     </span>
    </p>
   </div>
   <div class='ocr_carea' id='block_1_10' title="bbox 88 2023 1559 2081">
    <p class='ocr_par' dir='ltr' id='par_1_12' title="bbox 88 2023 1559 2081">
     <span class='ocr_line' id='line_1_39' title="bbox 88 2023 1559 2081; baseline -0.008 -10"><span class='ocrx_word' id='word_1_383' title='bbox 88 2037 120 2071; x_wconf 70' lang='grc' dir='ltr'>ἃ</span> <span class='ocrx_word' id='word_1_384' title='bbox 134 2035 170 2070; x_wconf 87' lang='lat' dir='ltr'>in</span> <span class='ocrx_word' id='word_1_385' title='bbox 181 2035 300 2081; x_wconf 86' lang='lat' dir='ltr'>quibus</span> <span class='ocrx_word' id='word_1_386' title='bbox 313 2034 353 2070; x_wconf 84' lang='lat' dir='ltr'>sit</span> <span class='ocrx_word' id='word_1_387' title='bbox 365 2035 516 2071; x_wconf 87' lang='lat' dir='ltr'>standum</span> <span class='ocrx_word' id='word_1_388' title='bbox 528 2062 538 2075; x_wconf 91' lang='lat'>,</span> <span class='ocrx_word' id='word_1_389' title='bbox 549 2034 607 2070; x_wconf 88' lang='lat' dir='ltr'>vel</span> <span class='ocrx_word' id='word_1_390' title='bbox 618 2037 843 2072; x_wconf 88' lang='lat' dir='ltr'>recedendum</span> <span class='ocrx_word' id='word_1_391' title='bbox 857 2049 874 2072; x_wconf 87' lang='lat' dir='ltr'>a</span> <span class='ocrx_word' id='word_1_392' title='bbox 888 2032 1020 2070; x_wconf 79' lang='lat' dir='ltr'>Decisis</span> <span class='ocrx_word' id='word_1_393' title='bbox 1034 2034 1068 2066; x_wconf 92' lang='lat' dir='ltr'>in</span> <span class='ocrx_word' id='word_1_394' title='bbox 1083 2031 1159 2067; x_wconf 90' lang='lat' dir='ltr'>casu</span> <span class='ocrx_word' id='word_1_395' title='bbox 1170 2032 1229 2065; x_wconf 73' lang='grc' dir='ltr'>ὄις.</span> <span class='ocrx_word' id='word_1_396' title='bbox 1245 2027 1437 2075; x_wconf 69' lang='lat' dir='ltr'>Responfitm</span> <span class='ocrx_word' id='word_1_397' title='bbox 1451 2023 1520 2066; x_wconf 73' lang='lat' dir='ltr'>estt.</span> <span class='ocrx_word' id='word_1_398' title='bbox 1556 2055 1559 2058; x_wconf 19' lang='grc' dir='ltr'><strong>Α</strong></span> 
     </span>
    </p>
   </div>
   <div class='ocr_carea' id='block_1_11' title="bbox 90 2073 1516 2364">
    <p class='ocr_par' dir='ltr' id='par_1_13' title="bbox 90 2073 1516 2364">
     <span class='ocr_line' id='line_1_40' title="bbox 90 2073 1509 2130; baseline -0.011 -10"><span class='ocrx_word' id='word_1_399' title='bbox 90 2082 222 2118; x_wconf 80' lang='lat' dir='ltr'>Praevio</span> <span class='ocrx_word' id='word_1_400' title='bbox 236 2079 357 2117; x_wconf 73' lang='lat' dir='ltr'>recess&#39;u</span> <span class='ocrx_word' id='word_1_401' title='bbox 383 2094 402 2116; x_wconf 89' lang='lat' dir='ltr'>a</span> <span class='ocrx_word' id='word_1_402' title='bbox 429 2081 546 2117; x_wconf 82' lang='lat' dir='ltr'>decisis</span> <span class='ocrx_word' id='word_1_403' title='bbox 570 2084 684 2128; x_wconf 80' lang='lat' dir='ltr'>quoad</span> <span class='ocrx_word' id='word_1_404' title='bbox 696 2086 844 2130; x_wconf 89' lang='lat' dir='ltr'>primum</span> <span class='ocrx_word' id='word_1_405' title='bbox 861 2108 871 2122; x_wconf 92' lang='lat'>,</span> <span class='ocrx_word' id='word_1_406' title='bbox 893 2083 924 2117; x_wconf 79' lang='grc' dir='ltr'>δι</span> <span class='ocrx_word' id='word_1_407' title='bbox 950 2081 1087 2116; x_wconf 87' lang='lat' dir='ltr'>tertium</span> <span class='ocrx_word' id='word_1_408' title='bbox 1105 2078 1262 2113; x_wconf 90' lang='lat' dir='ltr'>Dubium</span> <span class='ocrx_word' id='word_1_409' title='bbox 1275 2073 1509 2109; x_wconf 63' lang='lat' dir='ltr'>servandum-2</span> 
     </span>
     <span class='ocr_line' id='line_1_41' title="bbox 91 2117 1512 2177; baseline -0.018 -1"><span class='ocrx_word' id='word_1_410' title='bbox 91 2129 157 2164; x_wconf 71' lang='lat' dir='ltr'>effe</span> <span class='ocrx_word' id='word_1_411' title='bbox 175 2129 362 2164; x_wconf 90' lang='lat' dir='ltr'>Decretum</span> <span class='ocrx_word' id='word_1_412' title='bbox 375 2129 453 2163; x_wconf 72' lang='lat' dir='ltr'>anni</span> <span class='ocrx_word' id='word_1_413' title='bbox 474 2134 572 2168; x_wconf 81' lang='lat'>1633.</span> <span class='ocrx_word' id='word_1_414' title='bbox 585 2157 596 2170; x_wconf 90' lang='lat'>,</span> <span class='ocrx_word' id='word_1_415' title='bbox 618 2129 728 2165; x_wconf 84' lang='lat' dir='ltr'>soluta</span> <span class='ocrx_word' id='word_1_416' title='bbox 746 2142 812 2177; x_wconf 86' lang='lat' dir='ltr'>per</span> <span class='ocrx_word' id='word_1_417' title='bbox 826 2128 1038 2164; x_wconf 84' lang='lat' dir='ltr'>Canonicum</span> <span class='ocrx_word' id='word_1_418' title='bbox 1065 2123 1240 2160; x_wconf 82' lang='lat' dir='ltr'>sacristam</span> <span class='ocrx_word' id='word_1_419' title='bbox 1267 2120 1420 2172; x_wconf 37' lang='lat' dir='ltr'>Par-ocho</span> <span class='ocrx_word' id='word_1_420' title='bbox 1438 2117 1512 2151; x_wconf 88' lang='lat' dir='ltr'>Ca-</span> 
     </span>
     <span class='ocr_line' id='line_1_42' title="bbox 92 2165 1512 2222; baseline -0.01 -10"><span class='ocrx_word' id='word_1_421' title='bbox 92 2176 203 2212; x_wconf 62' lang='lat' dir='ltr'>»umbi</span> <span class='ocrx_word' id='word_1_422' title='bbox 218 2175 437 2222; x_wconf 86' lang='lat' dir='ltr'>pecuniarum</span> <span class='ocrx_word' id='word_1_423' title='bbox 451 2175 576 2210; x_wconf 88' lang='lat' dir='ltr'>summa</span> <span class='ocrx_word' id='word_1_424' title='bbox 590 2178 735 2222; x_wconf 85' lang='lat' dir='ltr'>expendi</span> <span class='ocrx_word' id='word_1_425' title='bbox 748 2177 849 2212; x_wconf 74' lang='lat' dir='ltr'>tolita</span> <span class='ocrx_word' id='word_1_426' title='bbox 870 2176 902 2210; x_wconf 89' lang='lat' dir='ltr'>in</span> <span class='ocrx_word' id='word_1_427' title='bbox 922 2173 1120 2221; x_wconf 85' lang='lat' dir='ltr'>prandium,</span> <span class='ocrx_word' id='word_1_428' title='bbox 1149 2171 1206 2206; x_wconf 90' lang='lat' dir='ltr'>seu</span> <span class='ocrx_word' id='word_1_429' title='bbox 1220 2169 1451 2217; x_wconf 50' lang='lat' dir='ltr'>refectiones?</span> <span class='ocrx_word' id='word_1_430' title='bbox 1479 2165 1512 2199; x_wconf 87' lang='lat'>&amp;</span> 
     </span>
     <span class='ocr_line' id='line_1_43' title="bbox 90 2211 1514 2270; baseline -0.01 -10"><span class='ocrx_word' id='word_1_431' title='bbox 90 2224 241 2260; x_wconf 83' lang='lat' dir='ltr'>taxanda</span> <span class='ocrx_word' id='word_1_432' title='bbox 261 2233 319 2270; x_wconf 91' lang='lat' dir='ltr'>pet</span> <span class='ocrx_word' id='word_1_433' title='bbox 335 2222 638 2259; x_wconf 83' lang='lat' dir='ltr'>Eminentissimum</span> <span class='ocrx_word' id='word_1_434' title='bbox 661 2223 856 2259; x_wconf 65' lang='lat' dir='ltr'>Praesestum</span> <span class='ocrx_word' id='word_1_435' title='bbox 872 2237 878 2256; x_wconf 90' lang='lat'>:</span> <span class='ocrx_word' id='word_1_436' title='bbox 902 2234 967 2267; x_wconf 88' lang='lat' dir='ltr'>quo</span> <span class='ocrx_word' id='word_1_437' title='bbox 978 2232 1063 2255; x_wconf 89' lang='lat' dir='ltr'>vero</span> <span class='ocrx_word' id='word_1_438' title='bbox 1085 2220 1126 2253; x_wconf 88' lang='lat' dir='ltr'>ad</span> <span class='ocrx_word' id='word_1_439' title='bbox 1153 2218 1283 2264; x_wconf 85' lang='lat' dir='ltr'>reliqua</span> <span class='ocrx_word' id='word_1_440' title='bbox 1301 2217 1338 2250; x_wconf 88' lang='lat' dir='ltr'>in</span> <span class='ocrx_word' id='word_1_441' title='bbox 1354 2211 1489 2251; x_wconf 77' lang='lat' dir='ltr'>Decisis</span> <span class='ocrx_word' id='word_1_442' title='bbox 1504 2239 1514 2247; x_wconf 93' lang='lat'><strong><em>.</em></strong></span> 
     </span>
     <span class='ocr_line' id='line_1_44' title="bbox 97 2259 1516 2317; baseline -0.011 -10"><span class='ocrx_word' id='word_1_443' title='bbox 97 2273 174 2307; x_wconf 80' lang='lat' dir='ltr'>Post</span> <span class='ocrx_word' id='word_1_444' title='bbox 186 2271 256 2307; x_wconf 78' lang='lat' dir='ltr'>haec</span> <span class='ocrx_word' id='word_1_445' title='bbox 268 2271 443 2306; x_wconf 84' lang='lat' dir='ltr'>Parochus</span> <span class='ocrx_word' id='word_1_446' title='bbox 457 2270 619 2305; x_wconf 89' lang='lat' dir='ltr'>Carumbi</span> <span class='ocrx_word' id='word_1_447' title='bbox 631 2298 641 2311; x_wconf 83' lang='lat'><em>,</em></span> <span class='ocrx_word' id='word_1_448' title='bbox 670 2272 794 2317; x_wconf 87' lang='lat' dir='ltr'>aliique</span> <span class='ocrx_word' id='word_1_449' title='bbox 810 2271 882 2306; x_wconf 86' lang='lat' dir='ltr'>litis</span> <span class='ocrx_word' id='word_1_450' title='bbox 896 2267 1081 2305; x_wconf 88' lang='lat' dir='ltr'>Consortes</span> <span class='ocrx_word' id='word_1_451' title='bbox 1093 2266 1303 2312; x_wconf 84' lang='lat' dir='ltr'>postularunt</span> <span class='ocrx_word' id='word_1_452' title='bbox 1318 2262 1433 2296; x_wconf 85' lang='lat' dir='ltr'>abhoc</span> <span class='ocrx_word' id='word_1_453' title='bbox 1449 2259 1516 2311; x_wconf 45' lang='lat' dir='ltr'>Sa·-</span> 
     </span>
     <span class='ocr_line' id='line_1_45' title="bbox 96 2308 1515 2364; baseline -0.011 -10"><span class='ocrx_word' id='word_1_454' title='bbox 96 2331 155 2354; x_wconf 87' lang='lat' dir='ltr'>cro</span> <span class='ocrx_word' id='word_1_455' title='bbox 169 2318 293 2353; x_wconf 82' lang='lat' dir='ltr'>Senatu</span> <span class='ocrx_word' id='word_1_456' title='bbox 307 2344 316 2358; x_wconf 88' lang='lat'>‚</span> <span class='ocrx_word' id='word_1_457' title='bbox 344 2327 380 2352; x_wconf 91' lang='lat' dir='ltr'>ut</span> <span class='ocrx_word' id='word_1_458' title='bbox 395 2318 552 2364; x_wconf 84' lang='lat' dir='ltr'>Episcopo</span> <span class='ocrx_word' id='word_1_459' title='bbox 566 2317 796 2353; x_wconf 85' lang='lat' dir='ltr'>Cavallicenfi</span> <span class='ocrx_word' id='word_1_460' title='bbox 809 2317 1029 2353; x_wconf 86' lang='lat' dir='ltr'>mandaretur</span> <span class='ocrx_word' id='word_1_461' title='bbox 1054 2312 1242 2356; x_wconf 67' lang='lat' dir='ltr'>Jurisdietio</span> <span class='ocrx_word' id='word_1_462' title='bbox 1255 2338 1264 2350; x_wconf 94' lang='lat'>‚</span> <span class='ocrx_word' id='word_1_463' title='bbox 1288 2321 1356 2356; x_wconf 90' lang='lat' dir='ltr'>quo</span> <span class='ocrx_word' id='word_1_464' title='bbox 1382 2308 1515 2353; x_wconf 83' lang='lat' dir='ltr'>proban</span> 
     </span>
    </p>
   </div>
   <div class='ocr_carea' id='block_1_12' title="bbox 100 2352 1571 2414">
    <p class='ocr_par' dir='ltr' id='par_1_14' title="bbox 100 2352 1571 2414">
     <span class='ocr_line' id='line_1_46' title="bbox 100 2352 1571 2414; baseline -0.01 -14"><span class='ocrx_word' id='word_1_465' title='bbox 100 2365 207 2413; x_wconf 79' lang='lat' dir='ltr'>posset</span> <span class='ocrx_word' id='word_1_466' title='bbox 223 2365 341 2400; x_wconf 83' lang='lat' dir='ltr'>falsum</span> <span class='ocrx_word' id='word_1_467' title='bbox 354 2365 417 2400; x_wconf 81' lang='lat' dir='ltr'>esse</span> <span class='ocrx_word' id='word_1_468' title='bbox 430 2366 622 2400; x_wconf 87' lang='lat' dir='ltr'>Decretum</span> <span class='ocrx_word' id='word_1_469' title='bbox 638 2365 743 2400; x_wconf 84' lang='lat' dir='ltr'>latum</span> <span class='ocrx_word' id='word_1_470' title='bbox 756 2377 845 2400; x_wconf 92' lang='lat' dir='ltr'>anno</span> <span class='ocrx_word' id='word_1_471' title='bbox 859 2371 957 2411; x_wconf 81' lang='lat'><strong>¹633·</strong></span> <span class='ocrx_word' id='word_1_472' title='bbox 988 2362 1120 2414; x_wconf 74' lang='lat' dir='ltr'>aliaque</span> <span class='ocrx_word' id='word_1_473' title='bbox 1143 2359 1271 2394; x_wconf 90' lang='lat' dir='ltr'>ostendi</span> <span class='ocrx_word' id='word_1_474' title='bbox 1288 2383 1299 2396; x_wconf 85' lang='lat'>,</span> <span class='ocrx_word' id='word_1_475' title='bbox 1321 2367 1393 2400; x_wconf 85' lang='lat' dir='ltr'>quae</span> <span class='ocrx_word' id='word_1_476' title='bbox 1414 2352 1518 2388; x_wconf 84' lang='lat' dir='ltr'>utilia</span> <span class='ocrx_word' id='word_1_477' title='bbox 1564 2359 1571 2392; x_wconf 75' lang='lat' dir='ltr'>j</span> 
     </span>
    </p>
   </div>
   <div class='ocr_carea' id='block_1_13' title="bbox 102 2400 1529 2732">
    <p class='ocr_par' dir='ltr' id='par_1_15' title="bbox 102 2400 1529 2727">
     <span class='ocr_line' id='line_1_47' title="bbox 102 2400 1518 2453; baseline -0.011 -5"><span class='ocrx_word' id='word_1_478' title='bbox 102 2413 307 2448; x_wconf 85' lang='lat' dir='ltr'>videbantur</span> <span class='ocrx_word' id='word_1_479' title='bbox 334 2415 373 2447; x_wconf 88' lang='lat' dir='ltr'>ad</span> <span class='ocrx_word' id='word_1_480' title='bbox 388 2415 595 2447; x_wconf 87' lang='lat' dir='ltr'>revocandos</span> <span class='ocrx_word' id='word_1_481' title='bbox 613 2412 892 2447; x_wconf 78' lang='lat' dir='ltr'>Eminentiffimos</span> <span class='ocrx_word' id='word_1_482' title='bbox 908 2412 1022 2445; x_wconf 76' lang='lat' dir='ltr'>Patres</span> <span class='ocrx_word' id='word_1_483' title='bbox 1036 2420 1069 2443; x_wconf 80' lang='lat' dir='ltr'>in</span> <span class='ocrx_word' id='word_1_484' title='bbox 1081 2408 1226 2453; x_wconf 88' lang='lat' dir='ltr'>priorem</span> <span class='ocrx_word' id='word_1_485' title='bbox 1241 2402 1459 2452; x_wconf 68' lang='lat' dir='ltr'>sententiam,</span> <span class='ocrx_word' id='word_1_486' title='bbox 1473 2400 1518 2451; x_wconf 42' lang='lat'>-&amp;</span> 
     </span>
     <span class='ocr_line' id='line_1_48' title="bbox 102 2448 1520 2508; baseline -0.006 -14"><span class='ocrx_word' id='word_1_487' title='bbox 102 2472 178 2494; x_wconf 84' lang='lat' dir='ltr'>cum</span> <span class='ocrx_word' id='word_1_488' title='bbox 191 2460 373 2495; x_wconf 86' lang='lat' dir='ltr'>secundum</span> <span class='ocrx_word' id='word_1_489' title='bbox 384 2459 553 2508; x_wconf 78' lang='lat' dir='ltr'>postulata</span> <span class='ocrx_word' id='word_1_490' title='bbox 561 2457 784 2495; x_wconf 74' lang='lat' dir='ltr'>obtinuifl&#39;ent</span> <span class='ocrx_word' id='word_1_491' title='bbox 799 2486 809 2499; x_wconf 88' lang='lat'>‚</span> <span class='ocrx_word' id='word_1_492' title='bbox 832 2457 974 2493; x_wconf 89' lang='lat' dir='ltr'>advenit</span> <span class='ocrx_word' id='word_1_493' title='bbox 990 2455 1130 2490; x_wconf 82' lang='lat' dir='ltr'>tandem</span> <span class='ocrx_word' id='word_1_494' title='bbox 1143 2452 1279 2498; x_wconf 88' lang='lat' dir='ltr'>epistola</span> <span class='ocrx_word' id='word_1_495' title='bbox 1292 2477 1302 2490; x_wconf 85' lang='lat'>‚</span> <span class='ocrx_word' id='word_1_496' title='bbox 1323 2450 1354 2484; x_wconf 89' lang='lat'>&amp;</span> <span class='ocrx_word' id='word_1_497' title='bbox 1369 2448 1520 2489; x_wconf 74' lang='lat' dir='ltr'>judicia-</span> 
     </span>
     <span class='ocr_line' id='line_1_49' title="bbox 107 2497 1525 2552; baseline -0.009 -10"><span class='ocrx_word' id='word_1_498' title='bbox 107 2507 149 2542; x_wconf 84' lang='lat' dir='ltr'>lis</span> <span class='ocrx_word' id='word_1_499' title='bbox 166 2507 327 2552; x_wconf 81' lang='lat' dir='ltr'>processus</span> <span class='ocrx_word' id='word_1_500' title='bbox 344 2507 448 2542; x_wconf 68' lang='lat' dir='ltr'>faetus</span> <span class='ocrx_word' id='word_1_501' title='bbox 463 2517 577 2541; x_wconf 89' lang='lat' dir='ltr'>coram</span> <span class='ocrx_word' id='word_1_502' title='bbox 589 2507 708 2541; x_wconf 90' lang='lat' dir='ltr'>eodem</span> <span class='ocrx_word' id='word_1_503' title='bbox 726 2508 885 2552; x_wconf 84' lang='lat' dir='ltr'>Episcopo</span> <span class='ocrx_word' id='word_1_504' title='bbox 898 2531 907 2544; x_wconf 89' lang='lat'><strong>,</strong></span> <span class='ocrx_word' id='word_1_505' title='bbox 931 2503 1084 2548; x_wconf 90' lang='lat' dir='ltr'>reditque</span> <span class='ocrx_word' id='word_1_506' title='bbox 1102 2511 1191 2534; x_wconf 87' lang='lat' dir='ltr'>nunc</span> <span class='ocrx_word' id='word_1_507' title='bbox 1203 2497 1312 2533; x_wconf 86' lang='lat' dir='ltr'>Causa</span> <span class='ocrx_word' id='word_1_508' title='bbox 1339 2498 1377 2531; x_wconf 90' lang='lat' dir='ltr'>ad</span> <span class='ocrx_word' id='word_1_509' title='bbox 1391 2505 1525 2530; x_wconf 84' lang='lat' dir='ltr'>novum</span> 
     </span>
     <span class='ocr_line' id='line_1_50' title="bbox 107 2544 1526 2598; baseline -0.006 -11"><span class='ocrx_word' id='word_1_510' title='bbox 107 2553 399 2597; x_wconf 88' lang='lat' dir='ltr'>Ampliffimorum</span> <span class='ocrx_word' id='word_1_511' title='bbox 412 2554 547 2589; x_wconf 85' lang='lat' dir='ltr'>Patrum</span> <span class='ocrx_word' id='word_1_512' title='bbox 568 2553 735 2594; x_wconf 76' lang='lat' dir='ltr'>judicium</span> <span class='ocrx_word' id='word_1_513' title='bbox 753 2579 762 2592; x_wconf 85' lang='lat'>,</span> <span class='ocrx_word' id='word_1_514' title='bbox 789 2562 826 2587; x_wconf 92' lang='lat' dir='ltr'>ut</span> <span class='ocrx_word' id='word_1_515' title='bbox 837 2551 983 2598; x_wconf 88' lang='lat' dir='ltr'>repetita</span> <span class='ocrx_word' id='word_1_516' title='bbox 1007 2547 1151 2583; x_wconf 70' lang='lat' dir='ltr'>lectione</span> <span class='ocrx_word' id='word_1_517' title='bbox 1176 2546 1250 2581; x_wconf 87' lang='lat' dir='ltr'>folii</span> <span class='ocrx_word' id='word_1_518' title='bbox 1269 2544 1340 2580; x_wconf 89' lang='lat' dir='ltr'>dati</span> <span class='ocrx_word' id='word_1_519' title='bbox 1369 2544 1526 2592; x_wconf 68' lang='lat' dir='ltr'>Vol-XIJ.</span> 
     </span>
     <span class='ocr_line' id='line_1_51' title="bbox 110 2593 1525 2648; baseline -0.009 -13"><span class='ocrx_word' id='word_1_520' title='bbox 110 2601 407 2648; x_wconf 64' lang='lat' dir='ltr'>Thesaur.pc1g.r9.</span> <span class='ocrx_word' id='word_1_521' title='bbox 421 2600 656 2648; x_wconf 79' lang='lat' dir='ltr'>perpensisque</span> <span class='ocrx_word' id='word_1_522' title='bbox 672 2612 787 2646; x_wconf 83' lang='lat' dir='ltr'>aequa,</span> <span class='ocrx_word' id='word_1_523' title='bbox 816 2608 855 2634; x_wconf 90' lang='lat' dir='ltr'>ut</span> <span class='ocrx_word' id='word_1_524' title='bbox 884 2596 993 2632; x_wconf 90' lang='lat' dir='ltr'>solent</span> <span class='ocrx_word' id='word_1_525' title='bbox 1006 2622 1016 2636; x_wconf 91' lang='lat'>‚</span> <span class='ocrx_word' id='word_1_526' title='bbox 1042 2593 1181 2635; x_wconf 80' lang='lat' dir='ltr'>Justitiae</span> <span class='ocrx_word' id='word_1_527' title='bbox 1206 2593 1290 2627; x_wconf 80' lang='lat' dir='ltr'>libra</span> <span class='ocrx_word' id='word_1_528' title='bbox 1305 2617 1315 2632; x_wconf 87' lang='lat'>‚</span> <span class='ocrx_word' id='word_1_529' title='bbox 1340 2598 1525 2626; x_wconf 82' lang='lat' dir='ltr'>momentis</span> 
     </span>
     <span class='ocr_line' id='line_1_52' title="bbox 108 2638 1529 2727; baseline -0.012 -39"><span class='ocrx_word' id='word_1_530' title='bbox 108 2651 285 2684; x_wconf 74' lang='lat' dir='ltr'>rationum</span> <span class='ocrx_word' id='word_1_531' title='bbox 300 2674 309 2687; x_wconf 80' lang='lat'>‚</span> <span class='ocrx_word' id='word_1_532' title='bbox 333 2661 404 2696; x_wconf 82' lang='lat' dir='ltr'>quae</span> <span class='ocrx_word' id='word_1_533' title='bbox 418 2661 436 2683; x_wconf 88' lang='lat' dir='ltr'>a</span> <span class='ocrx_word' id='word_1_534' title='bbox 449 2647 627 2683; x_wconf 89' lang='lat' dir='ltr'>Canonico</span> <span class='ocrx_word' id='word_1_535' title='bbox 642 2646 786 2683; x_wconf 72' lang='lat' dir='ltr'>sacrista</span> <span class='ocrx_word' id='word_1_536' title='bbox 800 2646 835 2681; x_wconf 89' lang='lat' dir='ltr'>in</span> <span class='ocrx_word' id='word_1_537' title='bbox 849 2656 960 2727; x_wconf 60' lang='lat' dir='ltr'>novti)</span> <span class='ocrx_word' id='word_1_538' title='bbox 962 2642 1083 2677; x_wconf 87' lang='lat' dir='ltr'>libello</span> <span class='ocrx_word' id='word_1_539' title='bbox 1095 2648 1335 2688; x_wconf 83' lang='lat' dir='ltr'>proponuntur</span> <span class='ocrx_word' id='word_1_540' title='bbox 1349 2664 1362 2680; x_wconf 85' lang='lat'>,</span> <span class='ocrx_word' id='word_1_541' title='bbox 1384 2649 1404 2672; x_wconf 87' lang='lat' dir='ltr'>a</span> <span class='ocrx_word' id='word_1_542' title='bbox 1419 2638 1529 2716; x_wconf 55' lang='lat' dir='ltr'>Parg-</span> 
     </span>
    </p>

    <p class='ocr_par' dir='ltr' id='par_1_16' title="bbox 158 2695 1529 2732">
     <span class='ocr_line' id='line_1_53' title="bbox 158 2695 1529 2732; baseline -0.007 -3"><span class='ocrx_word' id='word_1_543' title='bbox 158 2700 320 2732; x_wconf 86' lang='lat' dir='ltr'>Tom.XV.</span> <span class='ocrx_word' id='word_1_544' title='bbox 988 2703 1005 2727; x_wconf 91' lang='lat'>2</span> <span class='ocrx_word' id='word_1_545' title='bbox 1463 2695 1481 2724; x_wconf 68' lang='grc' dir='ltr'><strong>ς</strong></span> <span class='ocrx_word' id='word_1_546' title='bbox 1507 2696 1529 2719; x_wconf 91' lang='lat'><em>0</em></span> 
     </span>
    </p>
   </div>
  </div>
 </body>
</html>
