1874 2961
95 100 331 142 EBENNEN.
357 99 678 140 PostulatNuncius
691 100 909 150 Apostolicus
928 101 968 136 ad
983 99 1152 140 Helvetas
1173 111 1210 140 ut
1236 102 1302 141 hoc
1329 103 1365 141 in
1387 64 1473 142 cast?

110 153 190 200 quid
204 151 392 188 faciendum
416 150 481 186 esse
497 150 655 186 censeant
670 150 875 196 Amplisilmi
904 148 1018 184 Patres
1036 150 1280 195 respondeant:
1307 152 1466 190 casum

46 202 137 237 hunc
149 202 199 236 ita
214 198 340 235 diserte
354 225 364 239 ,
390 199 440 234 ita
451 199 648 245 eleganter,
674 198 721 233 ita
741 197 833 233 doete
847 196 1003 232 Nuncius
1027 199 1184 244 expreffit
1197 225 1207 236 .
1233 210 1271 236 ut
1291 200 1467 247 piaculum

43 260 105 285 nos
117 247 262 284 faemos
280 257 460 294 putemus,
484 245 546 280 nisi
567 246 734 293 integrum
760 243 826 280 suis
851 243 961 279 verbis
985 243 1040 279 hic
1064 245 1257 287 adjiciamus
1277 261 1286 280 ε
1310 247 1467 294 Qidam

44 295 237 332 Calvinista
252 322 263 336 ,
288 297 402 342 inquit
418 296 579 331 ‘Nuncius
596 320 606 333 ,
635 293 770 329 nomine
792 291 1058 328 Bartholomaeus
1072 292 1208 328 Dimier
1222 320 1231 334 ‚
1254 294 1372 330 Patria
1385 293 1467 328 Ge-

45 343 196 379 nevensis
211 370 221 383 ‚
244 353 370 378 novem
393 340 529 376 circiter
554 341 597 375 ab
610 340 689 376 hinc
703 340 818 380 annis,
838 337 1061 375 Matrimonio
1073 339 1225 377 Genevae
1251 342 1284 376 se
1309 342 1466 383 iunxerat

44 402 126 428 curn
139 390 260 426 Puella
270 389 420 432 ejusdem
445 388 535 423 secta:
549 414 558 427 ‚
587 387 641 422 sed
668 389 786 423 invitis
803 387 869 423 suis
879 387 1077 423 Parentibus
1090 414 1100 430 ‚
1116 399 1280 434 quorum,
1304 388 1466 423 aliorum-

43 450 113 486 que
127 436 471 484 Consanguineorum
490 434 666 471 continuas
687 434 854 471 molestias
867 462 877 475 ,
902 446 941 470 ac
963 435 1170 471 vexationes
1189 447 1268 471 cum
1285 435 1375 472 ferre
1388 435 1466 469 diu—

45 486 115 521 tius
132 485 292 531 nequiret
306 509 316 524 ,
341 483 414 530 post
431 495 559 520 annum
573 508 585 523 ‚
603 482 755 528 suscepto
770 484 840 527 iam
854 493 924 518 uno
937 480 1031 522 silio,
1059 481 1217 520 Uxorem
1239 481 1383 530 reliquit
1397 508 1408 523 ,
1432 483 1466 519 &

45 531 183 568 militiae
206 531 271 567 sese
293 531 421 566 addixit
436 558 444 566 .

6 579 134 617 Tertio
149 579 218 614 fere
232 578 302 625 post
326 590 437 619 ann0,
460 577 651 625 cupiditate
666 576 819 613 Patriam
832 578 895 616 ,δι
920 577 1058 615 fortassis
1078 577 1183 614 etiam
1202 589 1346 614 uxorem
1370 576 1465 612 invi-

47 627 141 664 sendi
155 628 377 662 vehementer
389 625 542 661 incensus
556 652 566 664 ‚
592 635 728 670 accepta
747 624 920 664 mistione,
948 625 1015 661 iter
1040 627 1123 662 illuc
1143 626 1305 662 instituit:
1327 625 1379 660 At
1402 624 1465 659 vix

46 675 199 713 Patriam
215 672 331 720 attigit
343 699 353 712 ‚
378 684 416 708 ac
428 683 446 706 a
459 673 514 707 sua
528 681 637 707 matre
651 671 824 707 intellexit
837 684 977 708 uxorem
995 700 1006 714 ,
1017 675 1167 710 absentes
1180 673 1213 709 se
1226 698 1237 712 ,
1262 683 1329 708 tres
1350 670 1465 708 susce·

46 721 130 770 piss'e
152 723 276 757 liberos
295 745 305 758 ‚
330 731 469 766 eamque
484 745 494 759 ‚
517 718 654 766 cognito
666 718 761 753 illius
776 719 883 754 reditu
898 745 908 759 ‚
934 730 972 755 ut
996 721 1100 757 abira
1119 721 1152 756 se
1166 720 1364 756 subduceret
1378 746 1388 759 ,
1408 716 1464 753 fu·

47 781 129 816 gam
153 765 325 814 arripuisse
343 779 353 806 ς
374 765 492 803 Postea
509 778 595 801 vero
621 765 682 801 sibi
698 766 820 801 notitia
844 767 954 802 delata
969 767 1055 808 suit,
1076 769 1174 804 illam
1190 795 1199 808 ‚
1227 769 1258 803 δι
1275 767 1466 802 Pedemon-

49 817 138 852 tium
159 812 346 851 conceflisse
361 840 372 854 ‚
395 824 496 861 atque
521 813 591 853 ibi,
613 812 728 848 haerefi
753 814 906 856 abjurata
921 841 932 855 ‚
954 815 1139 851 catholico
1155 815 1285 850 cuidam
1301 811 1440 859 nupsisse
1455 836 1466 847 .

0 864 67 902 His
82 864 118 898 in
127 861 389 899 circumstantiis
405 860 669 897 Bartholomaeus
687 859 831 896 divortii
848 861 961 897 literas
981 874 998 896 a
1011 862 1236 902 Confistori0‚
1261 870 1300 897 ut
1318 868 1442 896 vocant
1455 884 1467 898 ,

45 908 239 948 Genevensi
262 918 317 949 24.
334 908 495 946 ministris
515 935 525 948 ,
547 907 603 943 seu
628 907 890 943 Praedicantibus
915 909 1119 956 composito,
1140 909 1243 945 aliam
1266 905 1467 943 Beruensem

48 960 165 995 Patria
176 957 342 992 ducturus
356 984 366 997 ,
392 966 534 992 uxorem
548 964 662 1000 petere
675 956 817 1000 parabat
832 968 839 988 :
864 954 913 991 sed
927 956 998 998 ejus
1016 966 1122 992 mater
1136 983 1146 997 ,
1162 968 1235 1001 quae
1248 957 1348 992 aliam
1361 952 1468 988 Puel-

49 1007 119 1042 lam
131 1003 369 1041 Gene.ensem
383 1004 416 1040 ei
443 1004 479 1040 in
494 1013 637 1038 uxorem
661 1001 871 1042 destinabat,
896 1014 937 1037 ne
962 1002 1158 1039 instantiam
1177 1004 1263 1038 hanc
1285 1010 1470 1049 promove-

49 1063 104 1090 ret
118 1079 129 1093 ‚
154 1051 327 1090 inhibuit;
350 1053 470 1098 Itaque
492 1062 570 1086 cum
585 1049 753 1088 Matrem,
778 1058 817 1084 ut
842 1049 904 1085 suae
921 1051 1094 1086 voluntati
1110 1050 1244 1086 cederet
1267 1075 1278 1089 ,
1313 1048 1471 1083 inducere

49 1111 122 1136 non
142 1098 270 1147 pofl'et,
290 1098 435 1135 Geneva
461 1095 618 1143 aufugit,
640 1097 671 1131 &
685 1096 906 1132 Neocastrum
930 1098 974 1132 ad
988 1097 1119 1133 Lacum
1142 1096 1246 1143 vulgo
1259 1093 1470 1132 Neuschatel

48 1147 208 1183 concessit
221 1172 232 1186 ‚
255 1147 316 1181 ubi
333 1149 374 1182 ab
386 1147 428 1183 iis
439 1172 450 1186 ,
474 1156 559 1193 quos
575 1152 684 1179 mater
700 1143 939 1185 constituerat,
953 1144 1180 1190 deprehensus
1191 1142 1364 1180 emissariis
1381 1167 1391 1180 ‚
1415 1151 1470 1176 re-

47 1195 173 1242 busque
190 1192 346 1229 omnibus
361 1220 371 1235 ,
391 1204 474 1240 quas
488 1193 599 1228 secum
621 1191 817 1226 traduxerat
831 1218 840 1230 ,
865 1193 906 1227 ad
923 1202 1061 1228 matrem
1077 1191 1332 1240 pertinentibus
1345 1188 1469 1236 spolia-

48 1250 103 1276 tus
116 1267 127 1282 ,
152 1252 276 1278 nomen
289 1240 386 1276 suum
398 1240 517 1276 denuo
530 1237 662 1274 militiae
675 1238 754 1273 dare
767 1240 901 1274 coactus
915 1239 981 1274 fuit
996 1267 1004 1274 .

0 1290 107 1327 Alios
119 1289 174 1324 18.
185 1286 313 1323 menses
324 1288 468 1323 circiter
481 1287 598 1323 Castra
612 1284 745 1321 secutus
760 1283 825 1320 fuit
840 1313 851 1326 ,
873 1287 927 1322 sed
947 1287 1083 1322 tandem
1096 1298 1176 1323 curn
1199 1285 1301 1330 ipsam
1315 1283 1470 1318 Beruen-

47 1337 117 1373 sem
131 1335 284 1372 Puellam
301 1333 530 1374 convenisset,
552 1343 662 1378 vagus
684 1343 760 1367 cum
784 1345 822 1368 ea
841 1344 901 1378 per
924 1333 1099 1369 biennium
1116 1333 1182 1369 huc
1203 1332 1290 1368 illuc
1312 1330 1442 1366 erravit
1455 1341 1468 1363 ε

49 1384 214 1429 Denique
229 1382 350 1419 caelesti
366 1383 495 1417 lumine
515 1380 700 1417 illustratus
726 1379 798 1426 ipsa
822 1391 898 1414 cum
917 1380 1079 1416 ssernense
1091 1381 1278 1417 Lucernam
1297 1378 1330 1414 se
1345 1385 1469 1414 contu-

49 1431 114 1471 lit,
138 1431 168 1466 ἂ
183 1440 316 1472 errores
330 1440 409 1465 cum
428 1429 487 1465 sua
499 1427 590 1464 socia
604 1426 817 1470 abjuraturus
831 1453 840 1466 ,
865 1428 898 1462 &
913 1428 1171 1464 matrimonium
1189 1438 1267 1462 cum
1291 1425 1359 1471 ipsa
1383 1433 1470 1459 con-

4 1518 14 1526 ·
48 1479 215 1514 trafiurus
228 1500 238 1511 .
262 1477 416 1523 Uterque
432 1478 473 1513 ad
497 1475 594 1512 Fidei
620 1473 867 1509 instruetionem
880 1473 1030 1510 admissus
1043 1476 1089 1510 est
1104 1501 1114 1515 ,
1140 1474 1198 1510 sed
1221 1473 1361 1520 cognito
1375 1481 1470 1516 prae-

47 1524 187 1571 cedenti
203 1523 422 1564 matrimonio
433 1535 495 1569 per
507 1524 633 1559 diuum
646 1521 929 1557 Bartholomaeum
943 1520 1097 1558 Genevae
1119 1521 1291 1557 contraCto
1304 1545 1314 1561 ,
1335 1519 1469 1564 separa-

47 1581 122 1613 tus,
148 1575 182 1607 &
210 1570 312 1607 Fidei
330 1571 552 1608 professionis
570 1567 741 1616 susceptio
756 1569 862 1603 dilata
875 1596 886 1610 ,
909 1570 1016 1604 donec
1036 1569 1285 1605 examinaretur
1297 1591 1308 1605 ,
1332 1577 1375 1600 an
1393 1562 1470 1599 lici·

50 1628 126 1655 tum
145 1620 178 1655 ei
197 1620 286 1655 foret
299 1645 309 1659 ‚
332 1617 476 1653 vivente
508 1618 622 1653 adhuc
643 1615 700 1651 sua
727 1616 831 1660 prima
859 1627 965 1653 uxore
978 1642 989 1656 ,
1015 1616 1169 1663 quamvis
1184 1614 1286 1650 alteri
1300 1612 1391 1649 Viro
1411 1610 1470 1646 ad-

51 1667 177 1713 scripta
189 1692 199 1706 ,
219 1667 284 1700 hoc
302 1677 431 1700 novum
453 1665 656 1701 contrahere
683 1663 939 1699 matrimonium
952 1690 959 1698 .

6 1712 45 1749 In
58 1713 157 1754 hujus
173 1712 363 1761 quaestionis
377 1713 534 1748 examine
555 1714 636 1747 duas
656 1710 692 1743 in
714 1708 898 1745 sententias
923 1709 1114 1746 contrarias
1136 1708 1227 1745 scissi
1250 1706 1469 1755 reperiuntur

52 1761 240 1800 Doctores,
264 1760 326 1795 alii
349 1771 467 1805 nempe
480 1760 595 1794 Diana
609 1784 620 1798 ,
646 1756 821 1791 Gonzalez
836 1783 845 1796 ‚
871 1756 1037 1804 Espazza,
1059 1769 1139 1793 cum
1167 1756 1328 1791 Tannero
1342 1780 1351 1793 ,
1376 1752 1468 1798 Lay-

52 1819 132 1843 man
148 1833 159 1846 ,
179 1806 297 1842 Stalen
312 1833 323 1846 ,
352 1807 384 1841 δι
399 1806 528 1853 pluries
542 1807 600 1841 alii
615 1832 625 1845 ‚
647 1815 730 1849 quos
744 1803 849 1838 refert
866 1831 876 1844 ‚
902 1806 934 1840 ὅ(
947 1804 1096 1851 sequitur
1109 1803 1219 1838 Pieler
1232 1804 1268 1838 in
1279 1799 1470 1845 Compend-

50 1854 235 1901 jurisprud.
248 1853 322 1889 Sac.
339 1853 380 1887 ad
395 1854 460 1888 lib.
470 1863 504 1893 4.
529 1851 705 1889 Decretal.
721 1851 779 1885 tit.
797 1861 827 1891 3.
847 1862 939 1888 num.
955 1864 987 1894 4.
1015 1851 1130 1887 favent
1155 1847 1331 1886 validitati
1352 1845 1470 1882 matri-

53 1902 160 1938 monii
184 1901 274 1936 inter
288 1900 514 1935 Acatholicos
538 1897 704 1935 contracti
725 1896 849 1943 absque
866 1898 1140 1934 solemnitatibus
1162 1893 1470 1942 SacrosanfiiCon-

50 1950 126 1984 cilii
139 1947 343 1984 Tridentini
368 1952 441 1990 (ex
463 1958 530 1993 quo
545 1948 619 1983 solo
640 1943 773 1981 defectu
793 1944 836 1979 de
857 1946 1016 1981 nullitate
1033 1945 1182 1980 dubitari
1204 1942 1337 1990 posset)
1361 1939 1469 1976 nimi-

51 2007 126 2032 rum
146 1994 268 2040 absque
288 1994 467 2041 praesentia
480 1993 640 2036 Parochi,
662 1993 694 2027 δι
716 1991 960 2036 consequenter
981 1990 1211 2029 clandestine;
1234 1992 1387 2035 hancque
1398 1998 1471 2022 ma-

52 2042 206 2079 trimonii
221 2041 436 2076 validitatem
451 2050 592 2076 tuentur
605 2051 666 2085 pro
678 2038 720 2073 iis
733 2037 911 2083 praesertim
938 2040 1020 2076 locis
1037 2037 1251 2074 Acatholicis
1264 2063 1275 2076 ,
1293 2037 1329 2070 in
1343 2034 1472 2081 quibus

53 2087 257 2126 haereticalis
282 2087 374 2123 sectae
401 2087 544 2123 liberum
568 2088 724 2123 servatur
739 2085 940 2121 exercitium
953 2113 963 2128 ,
991 2096 1029 2122 ut
1041 2085 1191 2121 Genevae
1209 2082 1380 2129 contingit
1392 2107 1404 2121 ,
1425 2081 1473 2116 ob

55 2136 222 2173 rationem
232 2162 243 2175 ,
262 2144 335 2170 tum
347 2135 535 2180 generalem
548 2160 558 2173 ,
581 2145 654 2180 quae
667 2134 765 2167 docet
777 2136 969 2170 contractus
983 2133 1169 2168 secundum
1181 2132 1274 2179 leges
1288 2156 1298 2170 ‚
1322 2131 1355 2165 &
1380 2141 1471 2164 con-

56 2183 254 2229 suetudines
276 2181 343 2216 loci
366 2179 430 2216 esse
455 2181 679 2217 celebrandos
695 2205 705 2218 ‚
728 2188 802 2213 tum
825 2180 1002 2224 specialem
1017 2207 1027 2221 ‚
1050 2181 1138 2226 quod
1160 2179 1323 2214 nimirum
1339 2175 1472 2212 Conci—

54 2231 140 2267 lium
155 2228 404 2267 Tridentinum
419 2226 491 2263 illis
504 2229 540 2263 in
552 2228 637 2263 locis
650 2238 722 2263 non
745 2225 812 2261 fuit
825 2227 1033 2271 publicatum
1045 2254 1056 2268 ,
1072 2228 1104 2263 &
1119 2226 1193 2269 ejus
1212 2225 1306 2272 leges
1318 2221 1471 2260 haeretici

52 2277 184 2325 prorsus
209 2277 376 2324 ignorant
391 2303 399 2310 .

11 2326 97 2362 Haec
113 2325 257 2362 secunda
282 2322 372 2359 ratio
401 2334 469 2358 non
483 2320 727 2370 publicationis
752 2333 794 2358 an
807 2321 956 2359 Genevae
973 2320 1125 2367 adaptari
1145 2319 1271 2368 possit,
1293 2329 1346 2353 me
1362 2318 1472 2356 latet,

58 2375 137 2407 dum
154 2373 237 2408 licet
248 2370 452 2406 Concilium
474 2369 653 2405 mandasset
678 2368 767 2404 illud
787 2369 851 2404 esse
875 2369 1116 2413 publicandum
1143 2366 1356 2414 persingulas
1369 2364 1474 2399 Paro-

57 2418 153 2454 chias
166 2445 178 2460 ,
198 2418 305 2453 adhuc
322 2427 436 2453 tamen
449 2416 622 2462 superesset
636 2416 751 2452 videre
766 2444 776 2457 ‚
801 2417 824 2452 sl
840 2416 981 2452 sufficiat
997 2415 1185 2462 publicatio
1209 2413 1293 2448 facta
1317 2423 1378 2457 per
1393 2411 1471 2458 Epi-

58 2465 199 2511 scopum
224 2464 415 2505 Anesenii,
434 2476 507 2512 quae
533 2463 671 2501 Civitas
699 2463 746 2498 cst
764 2474 890 2510 caput,
915 2465 949 2500 &
965 2462 1136 2499 Cathedra
1160 2457 1332 2498 Dioecesis
1354 2457 1475 2495 Gene-

58 2509 164 2547 vensis
175 2536 187 2546 .

13 2559 90 2596 Alii
103 2569 121 2592 e
135 2559 327 2608 contrario,
350 2571 434 2606 quos
450 2557 567 2594 ordine
582 2558 683 2603 longo
695 2557 831 2593 adducit
845 2584 855 2599 ,
881 2558 913 2593 ὅ(
936 2556 1086 2602 sequitur
1104 2554 1240 2597 Gobau
1248 2554 1284 2589 in
1299 2552 1475 2600 Theolog.

63 2607 231 2657 Experim.
247 2608 378 2641 tractat.
392 2618 428 2652 9.
452 2606 493 2640 de
513 2605 688 2652 impedim.
710 2605 859 2641 matrim.
882 2604 1045 2640 Generat.
1069 2603 1134 2639 cas.
1153 2614 1183 2638 1.
1201 2600 1316 2637 seua.
1335 2601 1477 2637 nullita-

57 2663 141 2733 ten}
150 2651 336 2692 huiusmodi
363 2653 660 2694 matrimoniorum
683 2652 779 2688 inter
807 2651 1036 2735 Acgholicos
1059 2650 1223 2687 initorum
1238 2676 1249 2690 ‚
1272 2649 1364 2686 Sacri
1385 2647 1480 2728 Cop-

139 2703 281 2736 0m.XV.
1403 2694 1436 2729 ci
1456 2692 1481 2729 ii

1529 107 1652 147 sess-24.
1661 118 1717 141 ca«

1508 150 1544 180 de
1553 149 1609 189 uf·
1620 157 1696 181 mae·
