1874 2961
96 209 231 256 Septem
247 208 495 245 Pollicinorurn
511 204 700 252 separavit,
725 203 912 252 divisitque
926 230 935 243 ,
961 205 1040 239 dato
1065 216 1169 241 onere
1194 218 1291 243 novae
1312 171 1531 243 parochiali}

99 257 238 292 Rectori
252 256 414 292 visitandi
434 258 550 302 aliquo
565 265 642 288 anni
660 262 810 297 tempore
831 252 1010 288 Ecclesiam
1023 262 1163 287 matrem
1179 279 1187 292 ‚
1205 266 1406 303 cereamque
1429 257 1525 291 unius

97 305 194 340 libra:
215 303 525 340 ilicemofferendi.
552 301 720 348 Qerelas
744 299 872 335 detulit
897 302 957 336 hac
984 303 1022 334 dc
1044 312 1077 336 re
1101 302 1266 337 continuo
1282 302 1451 337 Parochus
1466 302 1527 337 Ec-

94 351 202 387 clesm:
229 352 355 398 septem
384 351 630 387 Pollicinorum
659 348 702 382 ad
729 348 791 383 Sac
819 348 1156 395 congregationem,
1181 362 1253 395 quae
1280 349 1429 396 ncgociis
1445 350 1524 394 Epi-

98 399 278 445 scoporum
295 427 305 439 ‚
331 401 362 434 &
390 397 618 445 Regularium
637 403 811 445 praepotita
831 396 898 434 est3
926 407 958 429 at
989 396 1076 430 nihil
1105 396 1197 431 aliud
1222 397 1397 434 obtinuit,
1423 408 1523 441 quam

97 448 367 484 declarationem
384 447 590 483 Patronatus
607 470 616 482 ‚
643 444 710 480 sive
729 443 783 485 lus
798 443 1000 480 nominandi
1020 455 1114 480 nova:
1127 445 1300 481 Parochia:
1316 444 1498 479 Rectorem
1514 471 1524 487 ‚

101 494 235 543 quoties
260 495 396 530 vacatio
417 493 562 535 ejusdem
581 489 778 536 obtigisset.

55 545 128 581 Hoc
159 551 269 578 tamen
299 541 368 583 jure
384 540 586 576 nominandi
603 539 639 573 in
653 539 805 575 omnihus
822 566 831 579 ‚
855 552 929 586 quae
949 539 1024 573 inde
1040 549 1252 580 evenerunt,
1283 538 1524 577 vacationibus

98 591 258 628 Ret‘ltores
272 588 426 624 Ecclefiae
443 588 568 623 Matris
589 586 634 622 usi
651 597 716 619 non
742 585 835 626 sunt,
861 600 925 629 qua
942 586 1039 622 causa
1060 587 1274 633 ignoramus:
1302 586 1423 622 scimus
1437 597 1522 621 tan-

97 649 170 674 tum
195 638 231 672 in
255 637 437 672 vacatione
453 633 662 671 Parochialis
688 631 842 671 Ecclesia·
856 634 1008 669 Bondcni
1025 662 1034 675 ‚
1060 647 1130 680 quie
1157 636 1286 681 obtigit
1314 645 1401 669 anno
1422 637 1521 675 17¹6.

101 685 351 732 Amplissimum
366 685 400 718 S.
413 684 456 719 R.
472 683 508 717 E.
525 681 743 717 cardinalem
765 682 817 718 del
840 684 967 719 Verme
1000 683 1301 728 Archieoiscopum
1328 682 1524 717 Fen-arien-

98 732 167 768 sem
184 730 335 768 indixisse
351 730 576 770 concursum;
601 740 635 764 at
660 730 1012 776 Archipresbyterum
1030 729 1182 766 Ecclesiae
1205 730 1330 765 Matris
1349 731 1522 776 Septem-›

97 779 338 816 Pollicinorum
353 805 363 818 ‚
378 779 645 814 declarationem
662 777 695 812 in
709 778 788 812 aeris
801 777 934 818 emisit,
951 789 986 813 ut
1010 778 1088 818 Jura
1104 777 1261 814 Ecclesia:
1277 777 1338 812 suae
1361 777 1518 823 sartaque

100 829 187 862 tetta
216 825 429 861 servarentur
455 853 464 866 ‚
491 837 557 872 qua
582 826 689 871 spreta
714 852 723 866 ,
750 826 877 862 collata
901 826 965 860 fuit
989 825 1204 861 parochialis
1221 851 1230 865 ‚
1255 837 1328 870 quae
1357 828 1520 860 vacabat.

98 874 190 910 Idem
210 872 331 907 factum
353 875 397 907 est
416 873 451 908 in
465 873 533 908 alia
550 874 727 908 vacatione
741 899 751 912 ,
776 885 848 919 quae
865 873 992 919 obtigit
1020 885 1108 907 anno
1123 883 1217 912 1743.
1245 884 1262 905 a
1288 872 1428 917 josepho
1440 873 1521 906 An-

99 921 197 956 tonio
222 920 392 967 Gregorio
409 947 418 960 ‚
444 920 502 966 qui
529 921 826 967 Archipresbyter
845 919 892 956 est
920 919 1074 956 Ecelefiae
1092 920 1224 964 Septem
1247 918 1493 955 Pollicinorum
1508 946 1520 960 ,

100 969 133 1003 δι
147 979 224 1003 cum
239 969 365 1014 pariter
378 967 485 1011 spreta
499 966 612 1002 fuisset
629 968 829 1013 protestatio
842 995 852 1008 ‚
879 967 1067 1013 Gregorius
1083 993 1092 1005 ,
1118 976 1154 1001 ut
1166 967 1223 1008 jus
1237 965 1331 1004 suum
1347 976 1514 1006 tueretur,

98 1027 168 1050 rem
189 1016 312 1053 detulit
337 1017 377 1050 ad
392 1013 564 1049 Tribunal
585 1018 631 1050 A.
645 1015 687 1050 C.
716 1015 886 1061 petiitque
903 1042 912 1054 ,
937 1025 976 1049 ut
1004 1015 1221 1052 servaretur,
1246 1014 1276 1047 ἃ
1292 1023 1517 1059 exequeretur

100 1062 304 1107 rescriptum
328 1062 401 1098 Sac.
414 1062 702 1108 Congregationis
719 1062 957 1108 Episcoporum
971 1088 980 1100 ‚
1007 1063 1038 1097 &
1058 1061 1307 1108 Regularium;
1331 1061 1386 1096 sed
1403 1059 1517 1107 spreta

100 1109 310 1147 inhibitione
325 1111 370 1145 A.
391 1108 432 1144 C.
447 1137 456 1151 ‚
482 1110 664 1156 habitoque
690 1110 854 1146 concursu
869 1136 879 1152 ‚
903 1109 1029 1145 electus
1043 1108 1109 1143 suit
1125 1108 1266 1150 jacobus
1287 1107 1437 1148 Faccius,
1456 1108 1515 1155 qui

99 1157 202 1195 etiam
218 1155 444 1204 poss'efl'tonem
459 1157 668 1193 Paroch'ialis
687 1157 836 1193 Ecctefiae
857 1159 971 1192 nactus
1001 1155 1064 1192 fuit
1077 1182 1087 1194 .

55 1206 237 1243 Attentata
263 1204 396 1250 purgari
421 1204 508 1246 juffit
524 1205 571 1240 A.
584 1204 649 1244 C.‚
673 1205 855 1251 omniaque
879 1207 950 1240 acta
974 1204 1062 1251 gesta
1079 1201 1358 1247 circumscripsit,
1383 1202 1518 1238 senten·-

99 1252 245 1299 tiamque
266 1252 369 1291 tulit,
396 1263 463 1299 qua
483 1252 596 1287 voluit
609 1252 733 1287 servari
747 1280 757 1293 ,
782 1262 884 1299 atque
910 1251 1031 1299 exequi
1047 1250 1245 1295 rescriptum
1263 1250 1339 1286 Sac.
1354 1251 1515 1297 Congre-

100 1299 250 1347 gationis
267 1298 505 1345 Episcoporum
530 1300 560 1334 &
586 1298 834 1345 tte-gulanam,
860 1311 966 1346 eaque
988 1299 1156 1334 sententia
1182 1297 1428 1332 authoritatem
1448 1298 1513 1333 ha-

99 1347 173 1382 buit
188 1347 236 1382 rei
255 1347 406 1389 judicatae
419 1358 429 1384 3
444 1355 596 1382 metuens
611 1347 716 1393 igitur
729 1347 866 1384 Faccius
881 1350 918 1382 ad
932 1346 1139 1392 Gregorium
1154 1345 1351 1381 humaniter
1369 1345 1516 1386 acceffit,

99 1393 320 1440 suspensaque
337 1394 569 1438 exequutione
586 1418 596 1431 ‚
622 1394 854 1440 transegerunt
867 1394 994 1429 amice.
1017 1393 1191 1434 Praecipua
1211 1392 1444 1427 transactionis
1456 1395 1515 1426 ca‘-

98 1441 169 1486 pita
185 1439 259 1475 sunt
277 1465 287 1477 ,
313 1449 349 1474 ut
362 1438 551 1484 Gregorius
571 1440 787 1475 renunciaret
801 1441 974 1483 judicato,
998 1441 1086 1486 quod
1101 1439 1301 1473 obtinuerat
1323 1442 1364 1473 ab
1380 1442 1422 1473 A.
1443 1439 1486 1473 C.
1500 1466 1512 1479 ,

99 1497 138 1522 ut
161 1485 357 1524 consensum
385 1486 554 1531 praestaret
574 1486 782 1524 institutioni
811 1487 1044 1525 Parochialis,
1073 1497 1174 1532 quam
1193 1485 1226 1520 in
1255 1485 1419 1523 concursu
1435 1487 1517 1521 fac-

98 1534 169 1569 cius
193 1533 411 1574 obtinuerat,
436 1543 473 1568 ut
501 1535 553 1577 jus
581 1535 778 1571 nominandi
803 1534 983 1574 ReClorem
1008 1534 1049 1569 ad
1077 1533 1426 1581 Archipresbyterum
1452 1536 1514 1566 Se-

97 1590 192 1628 ptem
211 1581 452 1616 Pollicinorum
476 1582 638 1627 deinceps
663 1582 806 1625 spectare
824 1582 961 1618 deberet
974 1609 984 1621 ‚
1012 1589 1116 1625 utque
1141 1580 1276 1614 demum
1292 1581 1429 1615 Paccius
1449 1593 1514 1616 cu-

96 1638 186 1665 raret
201 1655 208 1665 ,
237 1637 273 1663 ut
290 1626 548 1663 confirmaretur
562 1629 743 1664 transactio
756 1642 831 1665 cum
847 1633 888 1666 ab
903 1627 1176 1675 Archiepiscopo
1191 1653 1200 1664 ‚
1225 1637 1296 1662 tum
1314 1629 1355 1661 ab
1368 1628 1434 1663 hoc
1447 1629 1512 1664 Sa-

98 1688 156 1712 cro
171 1675 354 1710 Tribunali
373 1703 380 1710 .
410 1675 567 1712 Libellus
595 1677 702 1721 ig³tur
733 1679 868 1712 oblatus
894 1677 958 1711 fuit
984 1675 1205 1720 Ainpliflimis
1234 1675 1388 1717 Patribus
1411 1702 1420 1715 ,
1444 1687 1513 1721 quo

97 1722 313 1759 confirmatio
328 1723 565 1759 transanionzs
588 1725 787 1769 petebatur:
814 1723 1102 1768 Archiepzscopus
1125 1723 1216 1755 enim
1239 1722 1437 1758 consensum
1453 1725 1511 1758 de-

95 1778 301 1816 negaverat.
331 1771 432 1804 Nunc
456 1771 564 1817 itaque
596 1772 712 1807 audito
739 1773 801 1811 iam
825 1774 943 1807 eodem
962 1769 1249 1815 Archiepiscopo‚
1275 1770 1333 1815 qui
1359 1769 1512 1816 diligen-

97 1819 216 1852 tiflime
231 1829 299 1852 rem
314 1829 451 1854 omnem
475 1829 589 1856 narrat
602 1819 740 1866 epistola
757 1821 810 1855 sua
823 1847 833 1862 ,
859 1818 1004 1863 ejusdem
1031 1817 1262 1852 transactionis
1282 1814 1513 1854 confirmatio·

95 1876 171 1899 nem
190 1865 325 1900 Faccius
338 1891 348 1904 ,
373 1866 407 1901 8<
421 1865 612 1912 Gregorius
637 1868 846 1914 exposcunt.

51 1912 246 1949 Probandas
263 1911 326 1946 effe
339 1914 436 1955 ajunt
453 1914 690 1950 transactiones
703 1942 713 1955 ‚
740 1928 815 1951 cum
829 1916 914 1957 justa
927 1915 1024 1949 causa
1040 1913 1086 1949 est
1099 1910 1327 1959 transigendi,
1353 1912 1386 1947 ὅ(
1411 1912 1510 1948 utili-

93 1970 142 1996 tas
163 1960 331 2005 postulat,·
355 1961 396 1994 de
409 1961 561 1996 utilitate
574 1963 698 2007 ambigi
712 1974 777 1996 non
794 1961 906 2009 posse,
931 1974 1029 2008 quam
1056 1961 1113 1994 vel
1131 1960 1220 1995 solus
1247 1957 1342 1994 affert
1365 1959 1508 1996 recessus

92 2020 111 2044 a
129 2008 211 2041 lite:
239 2007 382 2042 Causam
397 2018 476 2042 vero
498 2008 615 2051 justam
642 2009 714 2044 erui
737 2021 779 2046 ex
794 2010 960 2053 rescripto
976 2011 1047 2044 Sac.
1065 2007 1355 2053 Congregationis
1371 2006 1508 2051 Episco-

89 2065 208 2101 porum
224 2081 234 2094 ,
261 2056 295 2090 Se
313 2054 536 2103 Regularium
552 2083 562 2096 ‚
585 2069 628 2092 ex
649 2057 816 2092 sententia
836 2058 876 2092 A.
890 2057 932 2093 C.
945 2084 955 2097 ,
981 2058 1011 2090 ὅ(
1031 2068 1071 2090 ex
1091 2054 1157 2099 ipsa
1177 2055 1261 2097 juris
1274 2054 1505 2100 dispositione,

91 2113 157 2146 qua
171 2110 307 2137 cautum
320 2102 366 2137 est
380 2129 391 2143 ‚
416 2113 453 2137 ut
473 2104 524 2145 jus
538 2104 737 2141 nominandi
752 2104 932 2139 Rectorem
947 2102 1101 2141 Ecclesiae
1119 2101 1274 2148 separatae
1288 2128 1296 2140 ‚
1323 2103 1354 2136 &
1369 2100 1506 2143 disiun-

89 2149 148 2183 &e
161 2148 284 2194 spectet
307 2149 347 2183 ad
360 2149 540 2186 Reuorem
560 2150 714 2186 Ecclesiae
730 2151 878 2191 Matris,
902 2150 998 2192 cujus
1023 2148 1213 2184 reddituum
1236 2148 1394 2195 portione
1417 2160 1508 2185 nova

85 2195 299 2232 Parochiali's
317 2197 428 2231 erecta
449 2197 515 2232 fuit
528 2225 539 2237 ,
564 2207 600 2232 ut
615 2199 688 2244 post
701 2207 854 2243 apertum
875 2197 1064 2233 Alexandri
1093 2194 1291 2243 rescriptum
1309 2195 1344 2230 iu
1361 2202 1437 2243 Cap.
1465 2199 1509 2233 ad

54 2271 57 2273 >
89 2246 317 2279 maedientiam
331 2255 364 2288 3.
377 2245 416 2280 de
431 2246 554 2289 Eccles.
567 2245 679 2286 aedific.
695 2247 832 2280 tradunt
850 2251 997 2292 Fagnan.
1012 2244 1137 2280 ibidem
1160 2256 1250 2278 num.
1265 2253 1322 2288 35.
1346 2244 1505 2283 Amoffaz

89 2293 129 2326 de
159 2291 248 2332 Ceus}
265 2293 345 2326 Piis
369 2299 438 2338 cap.
453 2304 486 2338 4-
511 2292 573 2329 lib.
596 2301 630 2337 ς.
657 2305 678 2327 a
697 2304 790 2329 num.
809 2302 866 2338 47.
892 2294 935 2328 ad
959 2302 1016 2338 49.
1041 2291 1235 2337 Pignatell.
1260 2291 1401 2334 consalt.
1422 2300 1501 2331 230.

89 2350 177 2374 num.
189 2347 242 2372 22.
268 2346 349 2373 tom.
363 2348 395 2378 4.
411 2341 594 2375 Monacell.
609 2341 758 2375 Formi-il.
774 2349 804 2378 3.
827 2353 859 2375 n.
882 2350 931 2375 12.
956 2338 1055 2375 verb.
1085 2339 1305 2381 reservantes
1321 2351 1328 2371 :
1361 2343 1460 2372 Corra
1469 2339 1501 2373 d.

89 2391 205 2419 Prax.
220 2385 333 2428 Benef·
345 2386 405 2421 lib.
417 2397 449 2431 3.
463 2395 535 2434 cap.
551 2397 580 2420 2.
593 2399 624 2422 n.
640 2397 672 2431 ς.
689 2393 821 2432 Fargna
837 2388 876 2422 de
891 2389 1215 2434 Jurepatron.p.zr‚
1237 2397 1265 2421 1.
1287 2394 1414 2420 recent.
1433 2385 1496 2420 hae

90 2441 203 2466 autem
233 2431 317 2473 iuris
336 2433 548 2479 dispositione
568 2460 578 2472 ‚
605 2434 767 2479 rescripto
788 2434 878 2469 Sacr.
902 2432 1213 2480 Congregationis,
1238 2432 1269 2467 &
1297 2431 1500 2467 sententia„

88 2479 188 2514 AG.
215 2479 264 2514 uti
292 2491 384 2516 certo
408 2480 503 2528 posse
527 2481 881 2527 Archipresbyterum
909 2506 920 2521 ‚
945 2482 976 2515 &
1001 2481 1247 2526 consequenter
1273 2478 1408 2512 nullum
1437 2479 1502 2514 hac

90 2525 316 2562 transafflon'e
334 2528 365 2561 ei
382 2528 553 2575 tribuijus
565 2555 576 2569 ,
601 2528 691 2575 quod
704 2530 834 2575 pridem
854 2540 921 2563 non
935 2528 1076 2562 haberet
1093 2554 1104 2567 ,
1129 2538 1193 2561 nec
1208 2525 1363 2561 libertati
1382 2525 1502 2561 Eccle-

89 2571 261 2624 siae,.quae
280 2574 316 2608 in
343 2587 470 2612 novam
498 2577 696 2612 Parochiam
711 2576 817 2612 ereQa
843 2576 930 2615 fuit,
954 2577 1195 2611 detrimentum
1219 2573 1328 2610 ullum
1350 2572 1471 2612 inferri
1493 2586 1500 2609 τ

41 2667 45 2673 ⁹
92 2619 245 2672 Pertinet
269 2622 374 2668 igitur
397 2625 436 2657 ad
463 2623 750 2661 Eminentiflimos
766 2624 879 2658 Patres
900 2621 1122 2669 cognoscere.

42 2673 103 2706 «An
121 2670 167 2709 Jzt
187 2668 280 2704 locus
295 2670 541 2713 confirmationi
557 2673 740 2707 Concordia:
765 2673 800 2706 in
816 2671 890 2715 casu
906 2674 982 2708 &c-

136 2763 357 2801 ,Affirmative
379 2764 506 2803 servata
530 2764 639 2804 forma
658 2764 840 2803 concursus
854 2792 864 2804 .
1431 2809 1482 2848 D,

1469 2822 1501 2851 te
