1874 2961
80 126 169 170 stro,
194 126 345 164 obtinuit
370 125 479 163 Breve
510 126 750 175 appellationis
781 127 1000 174 suspensum,
1021 137 1087 173 qua
1114 132 1339 166 mandabatur
1359 94 1497 172 Iurisd19-

82 177 148 212 <tio
166 174 333 223 Episcopo
349 174 560 210 Mercancnst
573 202 582 215 ‚
608 184 692 210 utre
705 175 872 221 perspecta
887 202 897 215 ‚
923 177 1054 210 causam
1078 178 1279 214 aneton-itate
1296 177 1498 224 Apostolica

84 222 242 259 definiret
257 246 268 257 .
298 221 475 271 Episcopus
490 223 594 267 judex
606 223 778 260 decretum
791 223 892 265 tulit,
921 233 987 270 quo
1001 223 1140 266 jubebat
1155 225 1341 260 l'arochum
1357 228 1498 261 iaten'm

84 274 119 306 in
133 274 242 316 Officio
257 270 462 307 Parachiali
474 272 751 317 reintegrandum
764 271 822 317 esse
837 296 848 309 ‚
872 273 973 306 donec
987 295 996 310 ,
1024 274 1067 307 ό*-
1082 272 1246 317 (savilio-‘e
1267 275 1300 307 in
1316 285 1353 307 ca
1374 274 1474 315 Causa
1488 298 1497 311 ,

85 321 306 354 terminatum
321 343 332 356 ‚
355 321 399 354 (9·
421 318 563 361 decisam
580 319 714 360 fuerim
739 317 798 352 Sed
821 317 994 353 promotor
1018 317 1156 353 Fiscalis
1171 318 1283 353 Curia:
1309 317 1499 361 stagnensis

86 363 275 411 suspectum
295 362 483 399 declaravit
509 363 705 409 Episcopum
727 364 981 402 Mercanensem
1006 391 1016 406 ‚
1043 364 1258 411 obtinuitque
1283 364 1373 400 aliud
1394 364 1499 399 Breve

87 411 321 459 appellationis
339 408 529 455 suspensivae
544 438 553 450 ‚
578 422 641 456 qua
657 411 856 452 jurisdictio
881 411 1036 448 mandata
1067 409 1133 447 sui-t
1149 412 1412 459 Archiepiscopo
1426 411 1502 446 Ra-

86 461 172 508 gusae
187 485 198 498 ‚
218 469 315 505 quem
331 458 478 498 judicem
496 457 663 494 Parochus
679 470 746 494 non
760 460 916 496 recusans
932 459 1119 505 postulavit
1136 460 1176 493 ab
1196 470 1236 494 eo
1251 487 1260 499 ‚
1289 468 1326 494 ut
1350 470 1421 494 rem
1435 458 1504 493 de·

85 507 204 543 finiret
219 532 229 545 ‚
250 506 301 540 sed
317 503 434 540 frustra
449 531 459 544 ,
480 517 557 540 nam
571 506 674 547 ludex
692 506 750 540 ille
768 505 902 542 nullum
919 516 1065 552 unquam
1079 506 1250 542 decretum
1264 506 1351 542 fen-e
1363 505 1476 541 voluit
1491 532 1501 541 .

50 554 174 591 lterum
195 553 299 600 igitur
321 552 409 588 adiit
435 552 605 590 Parochus
627 552 876 588 SanCtissimum
899 553 1103 589 Pontificem
1126 580 1137 595 ‚
1171 566 1189 589 a
1215 565 1282 600 quo
1309 551 1505 594 jurisdiclio

86 602 243 639 mandata
258 599 322 634 fuit
337 602 437 636 Sacro
451 599 530 635 huic
541 599 727 635 Tribunali
741 622 750 637 ‚
773 601 804 635 δι
822 602 887 635 duo
913 611 1002 636 nunc
1017 627 1026 640 ‚
1050 611 1122 647 quae
1148 599 1355 647 sequuntur,
1384 599 1502 636 Dubia

87 657 323 696 proponuntur
336 672 344 680 .
376 647 501 682 Pendet
512 655 626 682 autern
640 647 753 682 omnis
767 647 901 689 hujusce
917 648 967 684 rei
985 647 1143 684 definitio
1158 649 1204 684 ab
1216 656 1279 683 una
1291 648 1500 694 cognitione,

87 706 130 731 nn
147 707 181 731 in
200 697 260 730 hac
272 694 402 739 specie,
426 693 462 729 in
475 705 540 739 qua
557 693 727 729 versamur
741 720 750 734 ,
778 694 872 730 locus
888 694 926 729 sit
938 693 1139 740 dispositioni
1157 702 1230 744 Cap.
1249 707 1321 731 cum
1338 695 1501 730 Inhibitio

90 746 129 780 de
148 744 260 778 cland-
274 741 428 788 Defponfi
443 741 538 785 quod
555 752 594 774 ne
619 749 652 774 at
666 740 834 777 Parochus
850 741 1059 781 rationibus,
1075 742 1106 779 ἃ
1121 741 1406 779 authoritatibus,
1419 752 1503 776 con-

89 789 250 828 tendens,
270 787 328 822 vel
346 789 379 822 in
395 787 458 826 iis,
486 787 520 822 in
543 787 602 835 qui
632 799 668 823 us
685 797 758 823 erat
777 789 937 833 angustiis
955 815 965 829 ,
991 790 1037 824 ita
1051 789 1241 823 faciendum
1256 787 1352 823 fuisse
1369 789 1407 822 ad
1420 788 1503 822 evi-

90 835 192 874 tanda
219 834 418 881 gravissima
438 835 527 869 mala
540 861 551 873 ,
569 835 621 869 vel
648 834 768 870 factum
783 836 1008 873 excusandum
1035 835 1100 872 ess'e
1114 860 1125 873 ,
1149 847 1227 870 cum
1247 833 1504 881 prudentissimi

88 885 195 921 etiam
213 885 249 918 in
263 893 298 917 re
306 882 418 919 subita
431 908 441 921 ,
463 882 495 918 δι
508 882 653 927 ancipiti
667 908 676 921 ,
703 883 787 928 quid
800 882 929 921 consilii
943 886 1078 929 capiant
1091 909 1102 923 ,
1126 882 1281 929 ignorent
1296 893 1307 920 ς
1342 881 1504 927 ideoque,

91 944 167 969 curn
187 929 310 973 injuste
327 931 501 965 damnatus
518 927 616 964 fuerit
638 941 656 964 a
674 929 821 965 Vicario
834 929 1027 974 Capitulari
1046 957 1056 970 ‚
1077 929 1246 965 sarcienda
1261 929 1311 963 illi
1328 927 1394 963 esse
1413 929 1505 962 dam-

93 990 136 1016 na
147 979 262 1014 omnia
275 1002 286 1016 ,
309 975 516 1021 &impensas
529 1001 538 1015 ‚
558 976 590 1011 ἂ
604 976 840 1011 declarandum
855 976 917 1011 esse
932 976 968 1011 in
982 977 1157 1012 Sententia
1169 975 1301 1011 Vicarii
1321 974 1506 1021 suspensio-

91 1036 171 1062 nem
185 1037 206 1060 a
218 1023 361 1061 «Divinis
376 1035 452 1059 «non
475 1023 648 1060 contineri
663 1048 670 1058 .
698 1024 731 1057 A
753 1023 953 1060 Promotore
969 1024 1092 1060 Fiscali
1110 1023 1229 1059 Curiae
1242 1022 1433 1069 stagnensis
1452 1021 1506 1058 ni-

90 1073 141 1109 hil
158 1073 316 1108 haetenus
328 1071 426 1106 nobis
440 1070 554 1107 datum
570 1069 587 1106 f
588 1070 639 1106 uit
649 1094 658 1104 .

48 1121 74 1158 l.
100 1123 157 1157 An
174 1119 396 1155 substineatur
408 1117 582 1152 Sententia
610 1117 677 1154 lata
702 1129 720 1152 a
744 1117 1217 1163 VicarioCapitulariCuriae
1233 1119 1394 1166 stagnen.
1415 1144 1425 1158 ‚
1448 1116 1506 1154 seu

140 1168 253 1214 potius
268 1165 308 1201 stt
336 1166 430 1200 locus
452 1164 522 1204 eius
537 1164 784 1204 moderationi,
807 1167 838 1200 &
856 1165 1029 1201 refectioni
1051 1165 1232 1211 respective
1258 1164 1510 1212 expensatum²

132 1216 174 1250 ’δι
187 1217 388 1250 damnorum
402 1210 576 1256 passorum
591 1223 610 1245 a
623 1211 775 1247 Parocho
789 1213 945 1248 Antonio
958 1212 1139 1249 simoneni
1157 1213 1191 1247 in
1206 1211 1282 1248 casu
1297 1214 1365 1246 &c-

48 1263 92 1301 11.
119 1264 177 1300 An
198 1261 234 1297 in
247 1261 332 1297 dicta
346 1259 522 1295 Sententia
535 1258 751 1295 contineatur
767 1258 929 1306 suspenfio
955 1272 975 1295 a
1002 1259 1148 1296 Divinis
1163 1259 1199 1294 in
1213 1258 1287 1295 casu
1303 1260 1370 1294 &c.

141 1360 358 1398 Sacerdotem
370 1356 550 1395 Simonetti
562 1357 627 1393 effe
642 1357 882 1393 absolvendum
897 1385 907 1399 ,
924 1370 968 1396 ex
983 1370 1048 1406 quo
1060 1358 1139 1405 satis
1154 1384 1166 1399 ,
1185 1359 1217 1394 &
1231 1355 1513 1406 reintegrandum

48 1410 92 1447 ad
111 1418 229 1447 curam
242 1408 429 1444 animarum
442 1431 452 1442 .
474 1406 529 1442 Ad
542 1405 725 1441 secundum
738 1405 895 1452 negative
908 1433 917 1442 .

215 1546 334 1613 Die
364 1542 647 1612 Sabbathi
677 1568 766 1614 10·
784 1538 1138 1612 Decembris
1167 1547 1346 1625 1746.

74 1950 86 1962 s.
133 1921 137 1931 ³
282 1915 368 1976 LtsQ
398 1920 528 1957 Uarum
544 1946 556 1963 ‚
575 1932 648 1967 quae
664 1919 846 1967 sequuntur
858 1947 868 1961 ,
882 1920 1072 1958 Causarum
1089 1919 1245 1956 definitio
1261 1921 1295 1956 in
1310 1921 1432 1956 ultima
1446 1925 1522 1957 con-

71 1951 139 2000 Ῑῇ”
151 1983 238 1999 -2
249 1980 292 2007 »ιλ
302 1956 364 1997 33}
406 1972 612 2015 gregatione
624 1968 739 2003 habita
752 1970 805 2004 die
823 1978 874 2012 19.
890 1968 1044 2003 transacti
1057 1967 1175 2003 mensis
1191 1967 1408 2007 ‘Novembris
1420 1966 1522 2002 dilata

98 2020 167 2057 suit
181 2021 224 2054 ad
237 2021 321 2056 hanc
339 2018 635 2062 congregationem
651 2029 661 2048 =
684 2014 863 2061 Rogantut
888 2015 1001 2062 itaque
1026 2014 1289 2051 Eminentissimi
1315 2014 1432 2049 Patres
1445 2040 1457 2055 ‚
1482 2020 1522 2048 ut

102 2069 235 2104 Folium
267 2065 545 2112 congregacionis
569 2063 691 2110 ultime
713 2062 836 2098 iterum
853 2062 1029 2098 consulant
1043 2089 1051 2098 .

88 2164 119 2247 ,ψ
171 2204 453 2245 ENAFRANA
478 2202 703 2239 PLUR1UM
716 2215 727 2236 =
751 2203 787 2239 in
803 2215 867 2247 qua
883 2202 972 2239 XX.
991 2203 1063 2239 haec
1085 2203 1209 2239 Dubia
1222 2202 1450 2248 disputantur.
1558 2207 1686 2247 Sess.24-
1708 2214 1766 2239 ea·

58 2254 86 2292 1.
114 2256 172 2290 An
185 2253 356 2290 Canonici
373 2249 638 2286 Hebdomadarii
653 2249 803 2286 Ecclefiae
816 2251 1017 2286 Venafranae
1030 2250 1160 2295 perftui
1184 2249 1334 2285 debeant
1360 2250 1441 2291 Jure
1453 2248 1523 2285 Ca«
1560 2248 1598 2279 ὄσ
1607 2248 1706 2285 rdorm
1718 2262 1729 2275 ·

201 2300 312 2337 noniae
324 2325 333 2338 ‚
349 2299 381 2334 &
396 2305 528 2345 partem
540 2297 741 2332 constituant
755 2297 913 2342 Capituli
930 2298 964 2332 in
979 2297 1056 2332 casu
1071 2299 1136 2332 &c.

63 2348 105 2383 11.
134 2349 306 2385 Aniidem
317 2344 487 2427 (3ῗηῖἰεί
503 2344 768 2381 Hebdomadarii
781 2344 902 2392 affequi
916 2343 1306 2381 valeantCanonicatus
1322 2341 1523 2391 praebenda-

198 2405 253 2431 tos
266 2406 302 2430 in
312 2404 352 2428 ca
364 2404 389 2427 u
439 2403 468 2427 c.

64 2441 129 2478 111.
154 2443 210 2477 An
223 2441 330 2477 iidem
345 2438 608 2474 Hebdomadarii
624 2447 799 2475 teneantur
814 2438 853 2474 ad
873 2438 1109 2475 Refidentiam
1122 2465 1134 2478 ,
1159 2439 1249 2474 itaut
1274 2437 1313 2473 fit
1343 2436 1520 2478 standum,

202 2489 260 2525 vet
271 2485 494 2524 recedendum
507 2497 526 2521 a
542 2485 671 2522 Decifis
683 2486 740 2522 sub
752 2488 806 2522 die
825 2496 882 2530 23.
896 2487 993 2521 Nov.
1008 2487 1104 2522 1680.
1119 2483 1155 2520 in
1168 2485 1244 2520 casu
1256 2486 1328 2521 ἃς.

69 2535 133 2572 lv.
158 2535 219 2571 An
230 2533 332 2571 iidem
347 2532 618 2569 Hebdomadarii
634 2542 814 2569 teneantur
826 2532 979 2579 praestare
1004 2531 1160 2569 Ecclefiae
1183 2532 1390 2569 Venafranae
1414 2529 1522 2567 fervi-

204 2581 290 2617 tium
297 2580 407 2616 Chori
424 2591 501 2616 curn
514 2579 645 2615 Habitu
658 2580 860 2616 Canonicali
873 2578 990 2615 iisdem
1001 2580 1136 2619 diebus.
1151 2579 1258 2626 iisque
1268 2578 1521 2617 functionibus,

203 2639 243 2663 ac
256 2627 372 2662 eodem
384 2626 487 2664 modo
500 2653 512 2668 ,
533 2638 602 2672 quo
616 2637 776 2664 tenentur
787 2627 990 2675 Dignitates
1001 2653 1012 2668 ,
1032 2628 1063 2663 &
1083 2626 1254 2665 Canonici
1269 2625 1489 2663 Praebendati
1504 2625 1522 2660 ‚²

204 2684 248 2714 (ξφ
258 2683 422 2723 quatenus
434 2676 596 2722 negative
612 2702 622 2713 .
1465 2719 1498 2756 A

1391 2722 1447 2760 V.
1502 2731 1524 2757 n
