1901 2970
93 142 326 187 vacaturam
345 143 416 190 seu
440 141 490 180 ad
515 139 753 190 Abbatiffam.
779 142 941 193 ejusdem
966 139 1186 195 nonasterii
1219 145 1338 189 libera
1373 109 1566 192 eorumdgss

92 196 251 235 Collatia
260 198 450 246 pertineat
472 199 514 232 in
528 195 610 243 casu
628 197 707 238 ὡς.

176 308 264 360 Ad
299 309 515 377 Judicest
554 309 714 364 suos-

36 438 121 524 C
140 434 374 492 ASSANEN.
402 438 855 493 IRREGLARITATJS:
880 442 1166 496 Speciem‘veram
1181 442 1302 499 'Caute
1330 444 1430 490 huius
1452 454 1559 492 expo-

143 495 224 521 nere
249 484 392 523 difficile
409 487 456 522 est
469 514 479 528 ,
503 499 580 523 reus
604 499 694 523 enim
709 515 718 529 ‚
735 489 864 536 aliique
876 489 941 524 duo
954 517 964 531 ‚
992 502 1048 536 qui
1067 491 1154 527 facto
1177 494 1401 529 interfuerunt
1420 519 1431 533 ,
1460 503 1563 530 non-a,

76 531 318 569 conveniunt.
339 533 494 571 Thomas
520 534 694 570 Andreassi
721 534 902 572 Diaconus
925 536 1090 573 Civitatis
1117 536 1423 580 Castroviilarum,
1447 550 1561 576 curm.

72 578 192 616 mense
216 579 346 616 Martio
371 581 450 617 anni
470 583 567 628 1736.
584 582 699 629 operis
713 582 846 618 rusticis
867 583 1015 629 preesset
1029 611 1040 625 ,
1065 597 1141 631 qux
1164 586 1196 621 in
1215 585 1279 622 suis
1305 588 1437 633 praediis
1450 594 1560 626 crant,

74 637 253 674 parvoque
273 636 446 665 tormento
461 629 587 665 bellico
601 655 609 668 ‚
636 629 827 665 venationis
845 631 955 677 gratia
972 658 980 671 ‚
995 642 1144 669 armatus
1155 631 1233 668 esset
1246 660 1257 674 ‚
1289 636 1404 671 nanus
1427 634 1473 669 est
1493 633 1560 669 Pa-

75 673 180 710 sto-res
195 673 233 709 in
245 675 472 722 propinquum
490 676 620 711 Fratris
641 675 690 710 sui
707 675 847 712 fundum
873 677 1002 714 vitibus
1019 704 1029 717 ,
1064 690 1162 728 atque
1175 681 1350 718 olivarum
1378 680 1562 718 arboribus

74 719 243 757 consitum
252 732 338 757 oves,
350 721 526 759 immiffiffe
540 747 549 756 .
570 723 619 758 Ut
636 722 803 762 damnum
815 734 1014 766 averteret,
1039 740 1078 761 eo
1091 729 1272 776 perrexit,
1297 729 1329 764 &
1345 729 1466 775 pignus
1481 726 1559 764 subi

74 768 144 805 dari
155 767 256 814 petiit
270 780 287 803 a
304 769 495 805 pastoribus
511 781 580 817 quo.
593 769 699 815 poss'et
714 771 831 805 Frater
846 771 933 807 illati
948 774 1057 808 damni
1073 777 1211 812 emenda
1222 776 1349 811 tionem
1364 787 1477 812 coram
1495 774 1560 815 Ju-

73 814 148 850 dice
164 812 351 858 postulare.
382 817 564 863 Negarunt
589 818 708 864 pignus
724 817 881 853 Pastores
898 845 907 858 ,
945 819 1026 856 hinc
1047 825 1151 857 verba
1171 849 1181 863 ‚
1205 822 1235 856 δι
1263 822 1337 859 rixa
1366 823 1451 858 inter
1472 833 1558 860 coss

81 861 117 896 δι
135 861 330 899 Diaconum
349 878 361 899 a
384 864 529 900 pastores
562 862 705 903 Baculo,
732 864 905 912 securique
929 868 1048 902 armati
1071 870 1104 905 in
1128 881 1203 905 eum
1221 869 1408 909 irruerunt,
1433 879 1560 904 contu-

82 908 274 955 deruntque
298 912 449 957 repetitis
463 911 565 946 versae
593 911 712 947 securis
741 911 904 947 ictibuas:
929 914 1049 950 Petrus
1072 915 1234 952 'frascino
1259 928 1343 952 unus
1370 928 1412 952 ex
1440 916 1562 955 Pasto-

78 956 174 994 ribus
192 982 201 995 ‚
227 957 294 993 sive
321 968 358 993 ut
380 960 578 995 Diaconum
598 958 764 1003 spoiiaret
789 971 900 1005 parvo
919 970 1088 1000 tormento
1103 964 1227 999 benico
1241 990 1251 1004 ,
1274 963 1342 1000 sive
1356 973 1478 999 uteum
1493 975 1562 999 oc-

78 1003 376 1044 cideteum-&em
391 1006 499 1041 movit
526 1007 687 1041 tormenti
712 1033 722 1046 ,
752 1007 838 1041 unde
862 1008 1016 1053 explosus
1039 1011 1122 1046 ictus
1137 1010 1465 1047 alterumP‘astorem
1481 1011 1562 1046 An-

82 1050 219 1086 tonium
231 1053 368 1088 Scutaro
384 1052 544 1099 percussit
560 1078 570 1092 ‚
591 1052 649 1097 qui
662 1053 788 1088 occisus
804 1053 885 1089 fuit:
915 1054 963 1089 lta
991 1067 1060 1091 rem
1081 1057 1260 1094 Diaconus
1279 1068 1421 1098 narrat.,
1441 1055 1562 1104 Longe

77 1097 340 1136 aliter-pastores
360 1101 425 1136 duo
441 1100 560 1135 Petrus
576 1099 735 1136 Frascino
751 1127 759 1139 ,
785 1101 816 1137 8<
832 1101 977 1142 Juvenis
987 1104 1072 1139 alius
1085 1116 1247 1141 annorum
1261 1105 1454 1149 quindecim
1473 1105 1563 1148 eius-

79 1144 160 1181 dem
183 1148 423 1191 cognomenti;
447 1147 558 1188 Aiunt
582 1147 678 1185 enim
690 1147 884 1184 Diaconum
904 1149 936 1183 in
951 1162 1004 1185 eos
1028 1163 1119 1186 arma
1136 1150 1316 1190 intendisse
1330 1178 1348 1196 ,v
1366 1154 1422 1188 vel
1440 1161 1477 1186 ut
1503 1162 1564 1188 eos

83 1193 272 1237 cogeretad
284 1194 408 1239 pileum
422 1193 624 1229 reddendum
640 1220 650 1234 ,
671 1206 771 1240 quem
797 1197 1015 1241 eripuerant,
1046 1208 1081 1233 ut
1096 1198 1171 1232 vult
1189 1199 1349 1239 juvenis,
1373 1198 1481 1234 velut
1505 1199 1563 1244 pi-

83 1239 202 1285 gnoris
218 1240 307 1276 lo-co
321 1241 492 1289 acciperet
507 1267 517 1284 ,
541 1251 577 1275 ut
591 1241 667 1276 vult
682 1242 816 1277 Petrus:
833 1242 869 1276 in
884 1244 945 1277 hac
960 1246 1180 1280 contentione
1199 1245 1391 1283 Antonium
1407 1247 1563 1287 scutato,

78 1285 171 1321 elata
186 1286 358 1334 impavide
374 1289 504 1329 securi,
531 1287 728 1323 Diaconum
745 1288 920 1335 impetiisse
932 1315 943 1328 ‚
971 1301 1007 1326 ut
1023 1304 1098 1326 eum
1110 1292 1281 1328 occideret
1293 1306 1312 1332 ;,
1332 1292 1462 1339 Fugisse
1476 1293 1563 1328 Dia-

79 1345 205 1369 conum
223 1361 233 1375 ,
260 1335 312 1371 sed
329 1347 405 1370 cum
430 1334 621 1371 Antonium
637 1334 778 1370 sensisset
794 1335 897 1382 capiti
927 1336 986 1373 suo
1014 1338 1129 1374 infesta
1161 1338 1268 1375 securi
1300 1338 1562 1380 imminentem,

77 1379 234 1417 restitisse
253 1410 262 1423 ,
279 1383 411 1431 ictuque
426 1382 563 1431 exploso
578 1381 757 1419 inimicum
782 1384 954 1420 hominem
967 1387 1341 1426 certissimammortem,
1359 1386 1567 1425 inferentem

86 1428 246 1465 occidisse
259 1458 268 1466 .

33 1474 215 1523 Episcopus
229 1478 334 1523 primo
350 1476 543 1513 Diaconum
561 1478 594 1512 in
607 1475 750 1513 exilium
766 1476 904 1522 impulit
916 1504 924 1517 ,
952 1490 1096 1526 eumque
1112 1481 1335 1529 Irreguiarem
1358 1480 1562 1520 declaravit.

80 1522 157 1558 inde
171 1534 272 1564 eum,
294 1526 425 1560 duobus
440 1525 506 1566 jam
526 1524 620 1558 annis
637 1550 646 1563 ,
678 1526 789 1570 patria
813 1534 980 1560 extorrem
1009 1530 1213 1564 revocavit:
1239 1528 1419 1564 Diaconus
1443 1528 1565 1574 appei-

82 1568 270 1611 lationem,
286 1583 388 1617 quam
405 1573 442 1605 ad
466 1569 628 1605 Tribunal
647 1571 690 1604 A.
708 1571 750 1606 C.
780 1572 877 1615 interf
894 1572 1025 1608 osuerrt
1043 1601 1052 1614 ,
1074 1576 1292 1622 prosequutus
1316 1576 1469 1610 obtinuit
1500 1574 1565 1610 de-

35 1642 63 1659 „
83 1617 203 1653 clarari
219 1643 242 1659 ‚,
271 1616 360 1652 Rene
385 1617 475 1653 fuisse
489 1644 498 1657 ‚
524 1618 555 1653 &
581 1617 643 1652 effe
657 1618 860 1663 appeliatum
876 1631 936 1664 pro
952 1630 1049 1666 parte
1066 1623 1220 1661 Diaconi
1236 1649 1246 1661 ‚
1269 1623 1300 1657 &
1327 1622 1413 1657 male
1428 1622 1566 1665 judica-

36 1691 61 1706 „
87 1675 160 1700 tum
176 1677 234 1711 per
248 1664 396 1703 Curiam,
408 1666 628 1701 Ordinariam
644 1691 653 1705 ,
679 1666 823 1712 ideoque
848 1677 1012 1705 revocato
1032 1668 1173 1704 decreto
1186 1673 1224 1704 de
1241 1669 1394 1705 Partibus
1407 1670 1470 1704 &c.
1489 1669 1567 1714 Ap-

35 1739 62 1755 ,‚
87 1713 279 1760 pellantem
291 1735 300 1750 ‚
325 1724 364 1747 ex
380 1724 446 1759 quo
463 1711 685 1748 homicidium
702 1713 762 1746 suit
780 1723 945 1758 patratum
964 1719 1006 1749 au
1020 1715 1237 1754 necessariam
1251 1714 1475 1754 defensionem
1489 1741 1501 1755 ‚
1513 1723 1567 1750 at-

37 1785 63 1802 „
88 1768 183 1795 tenta
211 1770 289 1805 pace
307 1786 316 1799 ,
340 1760 379 1794 de
402 1771 467 1805 qua
491 1761 524 1793 in
555 1758 703 1794 Processu
719 1787 727 1798 ‚
754 1759 898 1805 amplius
925 1772 992 1795 non
1019 1761 1082 1796 esse
1104 1763 1370 1802 molestandum,
1400 1763 1432 1798 ὅ(
1454 1761 1566 1808 quoad

33 1830 61 1850 ,‚
87 1806 286 1853 praetensam
314 1806 611 1853 irregularitatem
631 1806 779 1841 consulat
802 1807 1020 1843 conicientiae
1045 1809 1109 1845 suae
1134 1836 1159 1851 ,‚
1199 1810 1276 1846 Post
1298 1812 1364 1845 haec
1390 1809 1570 1846 Diaconus.

84 1854 260 1890 Andreaffi
281 1865 395 1899 preces
421 1854 549 1898 obtulit
563 1853 762 1891 Sacratiiiitn
781 1870 788 1885 ι
807 1853 952 1899 i’rincipi
972 1880 979 1889 ,
1005 1858 1062 1900 qui
1076 1868 1192 1893 earum
1213 1855 1444 1903 cognitionem
1468 1855 1566 1890 dedit

83 1901 308 1945 Ampliflimis
330 1901 484 1936 Patribus
498 1926 508 1936 .
534 1900 592 1936 Bis.
611 1901 679 1944 ij
698 1899 877 1946 Episcopus
893 1900 1035 1938 auditus
1047 1901 1112 1938 fuit
1132 1931 1142 1946 ‚
1164 1904 1225 1950 qui
1237 1903 1351 1941 censet
1368 1903 1568 1939 Diaconum

81 1947 270 1994 dispensari
286 1947 376 1996 posse
395 1975 404 1988 ,
431 1950 602 1984 dummodo
620 1951 653 1982 in
668 1948 736 1983 loco
750 1960 784 1981 co
799 1949 902 1991 mnis&
912 1949 1089 1985 homicidii
1102 1964 1164 1986 non
1181 1952 1332 1988 celebret
1345 1977 1353 1985 .
1374 1949 1484 1987 Causa
1499 1948 1565 1984 ita·

83 2006 149 2041 que
173 2006 263 2029 nunc
289 1995 517 2041 proponitur,
545 1995 576 2029 &
591 2003 691 2040 negat
709 1994 889 2030 Diaconusr
908 1994 1075 2031 incursum
1101 1996 1166 2032 esse
1196 1999 1232 2034 in
1259 1997 1430 2043 irregulari
1440 2005 1566 2036 tatem,

109 2042 164 2076 uia
187 2040 378 2079 obtutelam
393 2043 543 2087 corporis
556 2041 602 2076 sui
617 2053 704 2076 mors
718 2039 914 2087 aggressuris
932 2045 1082 2078 evenerit
1099 2071 1108 2084 ,
1141 2046 1171 2079 &
1188 2055 1317 2079 natur-„e
1336 2046 1410 2088 jure
1430 2052 1566 2079 cautum

96 2098 125 2123 tt
141 2115 151 2128 ,
176 2096 214 2123 ut
229 2089 316 2133 quod
329 2089 467 2137 quisque
480 2091 521 2122 ob
537 2088 681 2122 tutelam
696 2089 858 2134 corporis
874 2086 922 2121 sui
937 2087 1055 2138 fecerit
1075 2116 1083 2124 ,
1110 2091 1181 2133 jure
1201 2089 1312 2127 fecisse
1327 2090 1539 2125 existimetur
1551 2101 1566 2131 i,

84 2134 169 2170 Inde
183 2145 277 2174 vero,
291 2134 312 2168 fi
330 2145 448 2180 putent
464 2134 723 2171 Eminentiffimi
737 2135 852 2171 Patres
865 2147 943 2170 eum
958 2135 1108 2172 incidisse
1123 2140 1156 2173 in
1173 2138 1480 2184 irregularitatem,
1495 2149 1561 2184 pq,-

85 2181 185 2217 stulat
200 2206 211 2220 ,
238 2190 275 2216 ut
288 2181 518 2232 dispensetur.
548 2184 630 2217 Duo
641 2182 883 2227 conseriuenter
897 2181 1002 2218 causa:
1019 2185 1121 2226 hujus
1131 2185 1255 2231 Capita
1272 2184 1349 2220 sunt
1364 2208 1375 2220 .

39 2229 70 2267 1.
96 2235 151 2265 An
172 2229 295 2270 constet
320 2233 358 2266 de
381 2232 647 2277 Irrrg’zlaritate
663 2232 697 2263 in
716 2233 790 2276 casu
804 2235 879 2266 φτ.
892 2230 924 2264 &
943 2240 1110 2276 quatenus
1123 2233 1320 2270 affirmative
1340 2259 1353 2270 .,

43 2277 90 2316 11·
113 2278 172 2314 An
184 2275 231 2319 sit
247 2279 451 2314 concedenda
468 2277 668 2326 dispenfiztio
682 2275 698 2312 Ξ

179 2383 285 2437 Effe
306 2383 706 2436 concedendam
722 2382 1172 2452 dispensationem
1191 2424 1208 2438 2
