1883 2907
62 149 122 181 Sess-
138 159 187 185 2⁴·
205 160 244 184 ω

69 189 103 217 de
116 191 167 225 reso*

70 1087 183 1125 sest-24.
198 1096 268 1122 cm«.

64 1130 98 1157 de
109 1135 193 1165 refer.

1391 26 1407 53 ll

249 163 275 191 3·
308 99 721 227 [JRBEVETANA
747 130 1144 172 CATHEDRATICI
1168 145 1177 166 ι
1204 131 1317 173 Huius
1341 142 1478 179 quoque
1499 132 1617 170 causae
1643 134 1770 181 species

424 185 500 217 data
518 180 583 217 fuit
596 182 629 216 in
643 180 730 217 solio
746 181 1040 227 congregationis
1061 180 1185 217 habitae
1205 183 1258 216 die
1276 191 1312 228 ¹3
1353 180 1534 217 Februarii
1551 208 1560 220 ,
1588 181 1641 215 sed
1659 183 1770 220 Causa

353 235 414 270 illa
441 230 496 264 die
523 241 594 265 non
620 228 685 263 fuit
706 228 897 276 propolim:
929 228 1061 264 lterum
1085 229 1193 274 igitur
1209 230 1292 275 ‘daia
1312 227 1378 264 suit
1402 240 1437 262 in
1458 227 1544 263 solio
1564 228 1769 277 Congrega—

354 279 459 315 tionis
475 277 598 312 liabitae
625 276 683 310 die
705 289 758 313 20.
776 275 895 310 Martii
914 288 921 307 .·
949 276 1033 312 Duo
1057 285 1152 312 erant
1172 275 1296 314 Dubia
1312 305 1319 311 .

307 328 336 365 Ι.
362 329 421 363 An
446 324 489 360 R.
515 323 658 360 Fabi-ica
687 323 842 359 Ecclesiae
869 323 1084 360 Cathetralis
1104 323 1272 359 &Mariae
1288 324 1332 360 de
1354 324 1462 360 Stella
1476 322 1584 359 Urbis
1615 322 1767 367 Veteris,

447 371 750 411 Conservatoriuin
763 371 958 406 Puellarum
970 369 1230 417 deperditarum
1245 398 1257 411 ,
1287 383 1348 407 nec
1368 384 1435 407 non
1453 371 1768 409 confraternitates

448 419 603 454 Laicales
626 418 844 458 sanctiss-inice
864 419 1093 453 Annunciatae
1110 443 1120 457 ‚
1146 417 1177 451 δι
1195 417 1226 452 S.
1252 417 1374 453 Mariae
1396 420 1440 454 de
1462 421 1581 454 Monte
1601 418 1768 458 Carmelo

448 475 633 503 teneantur
657 465 788 501 solvere
802 463 1105 504 cathedraticum,
1134 468 1179 500 (ὢν
1191 475 1364 510 quatenus
1388 470 1576 512 ›ug-:tiva

309 518 356 555 11.
383 518 438 553 An
469 513 622 549 exactum
645 513 762 549 veniat
787 512 1030 548 restituendum
1056 513 1091 548 in
1103 511 1180 546 casu
1195 512 1258 548 ἃς.

307 565 566 612 Responderunt
587 559 854 597 Eminentissimi
884 554 1023 597 Patr'es.
1051 562 1104 596 Ad
1125 559 1150 595 1.
1176 563 1359 608 ‘zx‘tgative
1387 563 1423 597 in
1446 561 1624 598 omnibus.
1651 563 1708 598 Ad
1722 562 1767 600 11.

355 619 482 649 lterum
497 617 732 656 proponatur:
761 606 882 642 Rediit
905 618 996 642 nunc
1021 607 1223 653 Disputatio
1238 610 1349 644 omnis
1377 609 1419 643 ad
1440 620 1556 645 eorum
1580 609 1769 650 judicium,

354 656 589 706 perpensisque
618 656 752 697 jur-bus
779 656 950 700 partium,
971 668 1045 700 quae
1073 655 1243 700 proposita
1270 657 1410 693 fuerunt
1435 658 1472 692 in
1498 657 1583 692 lolio
1604 655 1769 693 illoCon—

355 705 565 754 gregationis
589 704 641 738 die
661 713 711 742 ις.
726 701 927 743 Februarii,
952 702 1217 749 respondendum
1242 704 1333 742 erit.

307 753 333 793 1,
359 761 417 790 An
437 753 482 796 fit
500 751 655 792 sle-ndum
681 776 690 789 ,
715 751 775 786 vel
798 752 1017 787 recedendum
1052 765 1071 785 a
1096 750 1223 794 Decijlis
1245 777 1256 793 ‚
1281 754 1312 788 δι
1339 762 1508 802 quatenus
1530 751 1770 790 zffirmativu

445 797 555 845 quoad
575 797 719 844 primam
746 808 875 844 partem
890 821 898 831 .

306 847 350 885 ll.
377 853 435 885 An
459 847 617 885 caustum
650 849 772 883 veniat
794 845 1034 888 restituendum
1056 849 1092 883 in
1116 847 1191 892 casu
1216 851 1293 886 &c-

400 946 482 984 Non
509 945 676 993 proposita
701 954 834 982 attenta
856 943 1138 984 renunciatione.

414 1081 596 1135 VETEN.
621 1082 1001 1128 COADJUTORIAE
1017 1111 1027 1121 .
1060 1086 1216 1123 Adversa
1237 1088 1435 1124 valetud'ne
1462 1088 1619 1124 laborans
1648 1087 1766 1123 Arrias

419 1133 598 1166 Antonius
618 1131 781 1168 Valledor
799 1133 995 1169 Canonicus
1011 1133 1231 1170 Catbedralis
1248 1135 1398 1172 Ecclesix
1415 1135 1618 1177 Ovetenfis5
1642 1146 1681 1171 ut
1691 1134 1765 1176 fibi,

350 1189 452 1226 atque
468 1177 621 1216 Ecclefiae
633 1178 774 1216 servitio
785 1180 1001 1222 consuleret,
1025 1193 1115 1217 anno
1130 1194 1226 1228 ¹729·
1242 1183 1481 1227 Coadjutorem
1497 1183 1663 1230 assumpsit
1685 1193 1763 1227 per-

349 1236 512 1273 petuum,
539 1227 571 1261 &
597 1227 858 1264 irrevocabilem
873 1240 949 1264 cum
975 1227 1089 1265 futura
1114 1230 1312 1266 successione
1343 1231 1521 1273 josephum
1543 1230 1764 1265 Benedioum

348 1273 513 1309 Valledor
526 1300 536 1314 ‚
566 1275 628 1323 qui
639 1273 711 1321 post
724 1277 901 1323 expeditas
916 1276 1046 1312 Literas
1067 1277 1287 1322 Apostolicas
1300 1278 1528 1323 poffeflionem
1543 1281 1655 1313 nacius
1676 1276 1744 1311 fuit
1756 1289 1788 1320 ς.

347 1321 472 1357 Murius
488 1322 582 1358 suum
598 1322 756 1369 implevit
770 1323 884 1371 aliquo
900 1323 1063 1370 temporis
1079 1325 1186 1371 spatio
1200 1325 1392 1369 Coidjutoi·
1406 1353 1415 1365 ,
1446 1326 1520 1361 inde
1551 1324 1662 1361 deesse
1692 1335 1761 1359 cx-

346 1371 419 1421 pit‚
443 1380 626 1418 aperteque
644 1370 846 1407 monstrabat
864 1371 957 1407 nolle
976 1371 1067 1407 statis
1096 1374 1203 1409 Horis
1233 1373 1371 1414 Choro,
1399 1373 1597 1421 divinisque
1626 1372 1761 1410 officiis

346 1417 501 1452 interesse
514 1444 524 1457 ‚
550 1427 586 1453 ut
602 1417 722 1454 Arrias
739 1418 934 1462 coadjutus
950 1446 959 1459 ‚
977 1421 1029 1454 cui
1049 1420 1113 1455 hoc
1129 1421 1308 1466 plurimum
1322 1421 1512 1459 referebat,
1535 1422 1670 1456 coactus
1686 1419 1768 1454 fue-

343 1464 554 1501 ritadversus
572 1477 648 1501 eum
664 1467 736 1512 lege
750 1478 854 1512 agere
870 1495 879 1507 ‚
905 1468 1074 1513 petiitque
1088 1479 1105 1501 a
1120 1468 1238 1509 judice
1250 1496 1260 1509 ‚
1293 1479 1331 1504 ut
1346 1468 1540 1512 adigeretur
1570 1466 1695 1513 Joseph
1723 1464 1765 1499 ad

345 1512 521 1550 servitium
535 1540 545 1554 ,
576 1514 607 1547 &
622 1514 836 1557 praesentiam
852 1514 1006 1551 Ecclefiae
1020 1513 1259 1562 praestandam'.
1287 1515 1416 1551 Piuries
1430 1515 1580 1551 monitus
1607 1514 1674 1549 fuit
1689 1512 1766 1548 Co-

342 1559 477 1602 adjutor
493 1587 503 1600 ‚
528 1561 584 1606 qui
601 1571 714 1596 tamen
732 1562 766 1596 in
780 1562 902 1598 eadem
928 1562 1053 1608 semper
1067 1562 1210 1607 perstitit
1223 1563 1390 1599 sententia
1408 1577 1416 1596 :
1448 1563 1546 1599 Vah
1581 1561 1690 1609 igitur
1707 1572 1762 1595 a.)
1783 1597 1786 1599 Α

343 1607 530 1654 pertinacia
543 1608 676 1655 Josephi
692 1610 858 1656 patientia
869 1610 998 1651 Judicis
1012 1610 1169 1647 decrevit
1183 1638 1194 1652 ‚
1220 1621 1259 1647 ut
1273 1611 1332 1645 nisi
1351 1621 1439 1646 intra
1463 1610 1607 1646 biduum
1623 1606 1766 1659 praeseri-

341 1656 421 1690 tiam
435 1654 676 1702 servitiumque
708 1658 878 1704 praestaret
893 1684 903 1697 ‚
933 1658 1023 1692 ultra
1050 1655 1186 1704 poena'm
1211 1658 1579 1699 excommunicationis
1617 1656 1760 1697 majoris

339 1703 565 1746 Coadjutoria
581 1705 790 1750 privaretur:
813 1717 876 1741 nec
890 1715 1004 1741 tamen
1021 1716 1131 1753 poenae
1145 1706 1244 1749 huius
1255 1707 1352 1743 minae
1369 1733 1378 1747 ‚
1405 1718 1467 1741 nec
1482 1707 1595 1751 plures
1611 1706 1764 1744 iteratae,
1788 1737 1790 1740 ,

337 1763 409 1797 quae
423 1749 629 1786 access'erunt
645 1779 654 1791 ‚
678 1753 885 1788 monitiones
910 1753 1028 1788 durum
1059 1752 1277 1796 Coadjutoris
1304 1755 1457 1789 animum
1486 1764 1624 1789 movere
1642 1759 1759 1798 potue-

337 1807 440 1833 runt:
471 1798 588 1844 ltaque
603 1799 719 1835 Arrias
734 1800 924 1840 Coadiutus
941 1801 1047 1836 alium
1069 1800 1127 1836 fibi
1154 1800 1225 1836 dari
1248 1803 1389 1848 cupiens
1411 1800 1672 1842 coadiutorem,
1695 1798 1755 1844 qui

341 1844 495 1880 Ecclesiae
522 1855 559 1880 ut
587 1858 648 1891 par
672 1848 739 1886 est,
763 1848 925 1883 aiiiduum
952 1847 1082 1894 praestet
1109 1848 1287 1884 servitium
1307 1877 1316 1888 ,
1350 1860 1463 1896 preces
1477 1850 1602 1883 obtulit
1618 1846 1761 1893 Optimo

340 1893 614 1938 Sanfflffimoque
632 1894 784 1940 Principi
796 1894 922 1931 Nostro
936 1922 946 1935 ‚
977 1907 996 1929 a
1012 1908 1081 1943 quo
1095 1896 1205 1931 omnis
1221 1896 1357 1938 hujusce
1375 1896 1423 1931 rei
1439 1896 1592 1944 cognitio
1620 1890 1763 1939 Amplis-

338 1939 510 1974 siinoliuic
524 1941 738 1978 Ordinidata
752 1943 843 1979 fuit:
869 1944 1006 1979 Audito
1030 1944 1138 1989 igitur
1152 1944 1241 1986 jam,
1268 1953 1304 1978 ut
1325 1943 1402 1979 fieri
1430 1944 1540 1983 solet,
1566 1941 1733 1988 Episcopo
1750 1966 1762 1981 2

340 1987 483 2032 postulat
496 1988 613 2024 Arrias
626 2015 637 2030 ,
663 1999 701 2025 ut
719 1990 979 2027 Eminentiffimi
1009 1989 1122 2025 Patres
1144 1991 1372 2037 respondeant
1385 2010 1413 2017 --
1444 1992 1677 2036 consulendum
1693 1988 1756 2035 effe

342 2037 613 2083 sanffiffibnvpro
628 2041 826 2085 eputatione
838 2043 921 2074 novi
934 2038 1144 2084 coadjutoris
1156 2063 1167 2074 .

293 2080 480 2118 Rationum
492 2081 621 2132 sumina
639 2086 709 2121 haec
723 2085 791 2120 est:
823 2085 1020 2120 Canonicos
1032 2085 1122 2121 ultra
1139 2084 1244 2121 trium
1271 2086 1433 2121 mensium
1463 2085 1612 2133 spatium
1635 2097 1654 2120 a
1675 2082 1756 2119 refi-

338 2128 455 2163 dentia
467 2130 632 2166 divertere
645 2159 655 2171 ‚
681 2142 785 2180 atque
800 2132 910 2178 abesse
926 2144 995 2168 non
1013 2130 1101 2179 poss'e
1117 2159 1127 2173 ,
1153 2133 1237 2169 alias
1253 2133 1394 2169 servatis
1414 2134 1453 2169 iis
1468 2160 1477 2173 ,
1505 2145 1577 2180 quae
1596 2131 1754 2167 servanda

338 2176 416 2211 sunt
431 2201 440 2213 ‚
463 2178 586 2228 cedunt
604 2179 876 2216 Canonicatibus
889 2205 899 2219 ,
926 2180 1033 2228 iisque
1048 2180 1230 2227 privantur
1245 2194 1258 2220 5
1281 2182 1367 2217 hanc
1385 2181 1475 2222 Juris
1496 2178 1757 2226 dispositionem
1779 2207 1781 2210 ⁴

341 2235 380 2258 eo
393 2223 537 2268 amplius
552 2225 661 2261 locum
676 2228 803 2264 habere
818 2229 939 2264 debere
954 2228 990 2263 in
1007 2228 1262 2271 coadjutoribus
1277 2255 1286 2268 ‚
1312 2240 1368 2274 qui
1387 2240 1427 2263 ea
1443 2227 1574 2262 ratione
1597 2226 1632 2259 in
1647 2227 1761 2260 iocum

341 2271 413 2307 veri
435 2270 605 2307 Canonici
633 2274 858 2322 subrogantur
874 2301 885 2320 ,
913 2285 951 2311 ut
977 2276 1154 2311 servitium
1183 2275 1266 2311 illud
1295 2275 1450 2321 praestent
1467 2272 1644 2311 Ecclesiae,
1669 2273 1756 2319 quod

337 2318 486 2359 coadjuti
499 2319 654 2364 praestare
666 2333 734 2357 non
748 2322 881 2367 possunt
895 2349 905 2363 ,
930 2322 1075 2368 ideoque
1090 2349 1100 2362 ‚
1125 2322 1147 2357 si
1163 2321 1246 2356 illud
1265 2321 1424 2369 praestare
1449 2321 1563 2356 nolint
1579 2348 1588 2361 ,
1615 2319 1760 2361 coadju-

340 2366 426 2401 toria
443 2367 567 2402 cadere
579 2369 722 2407 deheim
745 2369 892 2407 Ecclesia
905 2370 997 2406 enim
1010 2371 1061 2412 jus
1073 2368 1176 2404 habet
1189 2381 1290 2404 omne
1307 2368 1486 2404 servitium
1503 2371 1545 2402 ab
1561 2368 1602 2404 iis
1617 2368 1761 2413 exigen-

338 2412 400 2450 di,
427 2415 513 2458 quod
524 2415 601 2451 veri
611 2415 781 2453 Canonici
794 2444 804 2457 ,
830 2417 955 2464 quibus
979 2418 1160 2459 coadjutor
1187 2417 1284 2451 datus
1311 2415 1375 2450 fuit
1387 2441 1396 2455 ‚
1423 2416 1578 2462 praestare
1603 2424 1760 2451 teneren-
1798 2441 1803 2446 .

341 2469 397 2493 tur
413 2486 425 2500 ³
448 2469 485 2494 ut
504 2473 546 2496 ex
562 2467 662 2500 Text.
679 2468 713 2500 in
730 2473 801 2512 cap.
817 2477 862 2501 ex
879 2469 946 2510 Tu}²
957 2467 996 2502 de
1009 2467 1093 2502 cler.
1113 2477 1176 2500 non
1199 2463 1293 2506 resid.
1322 2466 1456 2498 tradunt
1484 2464 1572 2498 recte
1598 2470 1704 2498 (λινε.
1720 2462 1759 2497 de

340 2507 453 2548 Benefl
463 2516 578 2553 par-3·
592 2520 698 2558 capa.
712 2522 888 2558 nutu-109.
913 2512 1097 2548 Antonell.
1109 2513 1149 2548 de
1157 2511 1231 2557 jnr-
1245 2515 1288 2547 (φ
1300 2524 1392 2546 oner.
1405 2512 1489 2547 cler.
1517 2510 1619 2546 ΗΖΛ-,2.
1637 2517 1696 2558 pai
1709 2507 1754 2543 .6.

339 2557 733 2605 cag.9.num.8.Barbofi
761 2560 929 2603 infizmm-
940 2560 1060 2608 Apost.
1085 2560 1156 2595 dec.
1181 2559 1394 2602 colleffnz5.
1421 2567 1565 2596 num-14.
1593 2564 1677 2603 Rota
1704 2559 1762 2591 de-

337 2602 742 2651 c1'J·27<5-num-ispani.
759 2618 825 2642 rec.
841 2634 850 2647 ,
876 2608 968 2654 quod
983 2609 1017 2643 in
1033 2605 1143 2642 nostra
1161 2605 1269 2652 specie
1287 2616 1383 2639 extra
1410 2617 1549 2640 omnem
1579 2602 1760 2639 dubitatio-

337 2657 415 2680 nem
430 2645 492 2681 esse
509 2647 606 2684 debet
625 2677 635 2689 ‚
653 2664 730 2688 cum
741 2653 806 2688 hoc
818 2667 902 2691 onus
916 2656 1094 2691 servitium
1109 2653 1280 2700 praestandi
1295 2654 1464 2698 acceperit
1475 2651 1595 2697 joseph
1609 2652 1645 2687 in
1663 2659 1759 2684 man-

335 2695 670 2780 sato·pr⁰cur}dam
683 2702 722 2736 ad
735 2702 879 2747 gratiam
894 2705 1077 2749 petendam
1091 2728 1102 2742 ,
1128 2703 1159 2738 &
1178 2702 1211 2736 in
1228 2701 1339 2736 literis
1352 2700 1497 2744 ejusdem
1513 2700 1634 2748 gratiae
1645 2699 1762 2778 όαιιὲηι

353 2751 436 2788 uerit
449 2753 552 2792 expre
581 2755 599 2780 e
613 2768 624 2780 .
1736 2754 1757 2779 ¹
