1883 2907
83 166 144 201 seff.
159 178 207 202 η.
225 169 293 201 ωε.
391 125 740 193 ³iJLicASTREN.
767 149 954 194 JURIUM
986 148 1375 187 PAROCHlALlUM
1403 173 1412 183 ·
1441 148 1698 187 Deficientibus
1735 151 1795 187 Sa-

89 208 124 235 dr
136 214 185 243 res.
425 203 610 239 cerdotibus
625 201 659 235 in
676 200 812 246 Oppido
826 200 1029 238 Came—roim.
1044 211 1077 232 in
1093 212 1159 246 quo
1175 200 1439 233 numerabantur
1451 199 1600 244 quinque
1610 199 1796 233 Parochia-

386 254 431 287 les
448 248 595 284 Ecclcsiae
611 275 621 288 ‚
647 248 828 282 eveniebat
846 272 853 285 ,
882 256 915 279 ut
936 245 958 279 ii
975 246 1106 280 Clerici
1124 273 1132 285 ,
1153 247 1242 291 iique
1256 244 1451 280 Sacerdotes
1464 270 1474 284 ,
1496 248 1554 290 qui
1569 245 1703 291 singulis
1728 246 1796 279 Pa·-

384 293 930 338 rocliialibusEccfcsiisabscripti
945 303 1043 328 erant
1058 319 1067 332 ‚
1091 303 1126 326 ut
1149 305 1186 327 ea
1201 319 1210 331 ‚
1237 305 1302 339 qua
1330 292 1476 327 maxime
1501 290 1628 339 posset,
1651 291 1797 338 digniori

384 345 514 380 ratione
528 342 636 378 cultus
652 353 713 386 pra
721 340 860 376 staretur
875 368 884 380 ,
907 352 971 374 una
989 339 1080 374 simul
1100 351 1217 374 omnes
1232 341 1415 374 convenire
1429 348 1651 385 cogeremur,
1665 340 1695 374 &
1710 352 1798 376 nunc

385 391 420 427 in
438 403 504 426 una
522 417 531 430 ,
552 400 638 424 nunc
656 389 688 423 in
699 388 806 423 altera
821 387 1041 421 Ecclesiaruin
1060 386 1196 422 illarum
1212 387 1343 420 Divina
1358 385 1502 426 Officia,
1528 387 1558 421 δι
1572 388 1688 421 Sacras
1702 386 1796 422 Fun-

386 437 509 473 {tiones
533 447 630 482 agere
655 449 660 468 :
690 433 898 470 Distributio
920 432 1141 469 Ecclefiarum
1172 433 1206 466 in
1232 433 1364 466 Orbem
1385 443 1460 468 erat
1477 461 1486 475 ,
1513 434 1565 468 sed
1579 434 1725 468 redditus
1747 445 1800 468 ea-

387 497 482 523 rum,
508 483 623 517 Vestes
642 507 652 524 ,
675 484 885 516 Ornamenta
900 506 910 519 ,
934 479 1110 526 omnisque
1128 481 1227 515 Sacra
1244 480 1426 525 Suppellex
1443 480 1504 515 suae
1526 491 1622 516 erant
1636 480 1798 520 Ecclesias,

389 542 490 576 atque
504 532 549 565 ita
573 541 648 564 cum
664 527 824 562 distincta:
844 525 947 562 essent
959 525 1160 574 singularum
1186 526 1405 562 Ecclesiatum
1432 527 1544 573 mense
1559 554 1568 567 ,
1589 540 1718 575 mquum
1736 527 1800 563 ess'e

387 591 452 615 non
469 576 763 623 poteratomnium
791 574 1034 620 compendium
1063 575 1194 610 afliduis
1222 573 1463 613 Clericorum,
1481 575 1802 623 Sacerdotumque.»

387 625 534 671 querc-lis
548 651 557 663 ‚
580 624 670 669 quod
682 635 758 659 cum
772 622 903 670 aequale
919 621 1002 657 esset
1017 635 1103 658 onus
1120 621 1232 658 Chori
1248 650 1257 662 ,
1286 623 1316 656 &
1347 621 1556 656 Divinorum
1578 621 1776 658 Officiorum
1792 647 1802 660 ,

389 676 418 707 ὁ(
435 672 614 715 adjuvandi
630 670 821 705 Parochum
848 670 883 703 in
899 681 979 705 cura
1004 669 1211 710 animarum,
1243 667 1408 715 inaequale
1435 679 1549 703 tamen
1575 669 1661 703 esset
1683 670 1804 714 stipen-

389 719 479 754 diurn
492 746 501 758 ,
523 720 553 754 ὄι
580 718 710 752 lucrum
728 742 738 756 ,
759 719 844 764 quod
856 718 901 751 ab
914 718 1133 764 insequalibus
1149 715 1368 752 Ecclesiarum
1382 715 1566 751 redditibus
1579 716 1799 751 obveniebat.

388 767 483 801 Huic
501 766 588 799 malo
607 764 807 800 medicinam
821 763 1003 812 parandam
1016 765 1083 800 esse
1100 765 1261 800 censebat
1274 764 1457 811 Episcopus
1483 763 1679 798 SanCtonius
1697 764 1729 798 in
1747 762 1803 798 vi-

392 813 546 848 sitatione
561 813 676 847 habita
693 823 784 847 anno
802 819 899 855 1619.
916 812 1133 857 iuppreflione
1152 811 1396 848 parochialium
1408 809 1648 849 Ecclesiarum,
1674 810 1725 845 sed
1739 811 1806 846 ab-

392 860 508 894 stinuit
524 868 673 895 metuens
692 860 733 894 ab
750 860 1060 895 Ecclesiasticorum
1074 887 1083 900 ‚
1112 861 1142 895 δι
1159 861 1273 907 populi
1306 859 1528 907 repugnantia
1545 870 1555 895 ;
1578 857 1738 893 decrevit
1754 867 1805 893 ta·

392 918 467 941 men
485 907 680 942 servandam
693 907 849 953 deinceps
863 907 933 942 esse
949 908 1100 943 eamdem
1115 908 1311 943 methodum
1328 908 1417 942 sacra
1433 905 1545 941 omnia
1563 931 1573 944 ,
1598 905 1804 950 Divinaque

392 955 515 989 Officia
531 955 647 1000 agendi
663 953 800 1001 singulis
813 955 910 989 annis
924 955 956 989 in
971 955 1083 1001 aliqua
1098 968 1136 990 ex
1157 957 1262 991 tribus
1284 954 1506 1001 amplioribus
1522 979 1532 992 ‚
1557 954 1587 987 &
1612 951 1804 998 aptioribus

393 1000 547 1036 Ecclesiis
562 1028 571 1041 ,
594 1012 664 1046 quae
679 1012 720 1035 eo
735 1013 822 1037 anno
834 1003 985 1037 habenda
1014 1002 1094 1038 esset
1120 1002 1169 1038 uti
1196 1001 1340 1038 Ecclesia
1366 1002 1506 1038 Mater,
1535 1001 1567 1035 8<
1590 1002 1712 1039 unica,
1733 998 1802 1035 aest

395 1050 495 1086 nullm
511 1049 580 1084 alite
597 1049 631 1083 in
644 1049 790 1096 Oppido
808 1050 910 1084 essent
924 1051 1133 1086 Parochiales
1148 1049 1299 1086 Ecclesiae
1314 1077 1323 1089 ‚
1348 1050 1491 1095 ideoque
1515 1049 1648 1083 Sacram
1663 1057 1799 1081 omnem

392 1099 533 1133 aliarum
559 1096 780 1132 Ecclesiarum
793 1097 1040 1142 supellectilem
1051 1100 1090 1132 ad
1105 1109 1343 1133 ornamentum
1359 1123 1369 1138 ‚
1393 1099 1423 1132 ὅ(
1443 1096 1535 1132 usum
1555 1093 1685 1129 annalis
1700 1093 1801 1128 illius

393 1143 546 1180 Ecclesix
559 1143 988 1180 matristransferrivoluit
1010 1172 1017 1183 2
1039 1147 1069 1180 &
1084 1146 1134 1181 illi
1149 1145 1289 1180 Clerum
1310 1145 1472 1191 integrum
1499 1142 1699 1187 adscriptum
1717 1152 1800 1176 een-

392 1195 453 1229 seri
471 1219 479 1231 ‚
493 1204 589 1238 atque
603 1203 644 1226 ex
659 1191 817 1226 omnibus
831 1192 982 1227 omnium
996 1193 1219 1230 Ecclefiarum
1234 1192 1479 1227 parochialium
1495 1189 1679 1223 redditibus
1697 1200 1800 1223 unam

391 1240 465 1274 fieri
479 1239 631 1274 Mensam
645 1249 862 1275 communem
877 1264 886 1277 ,
910 1248 945 1274 ut
959 1251 1042 1275 unus
1069 1251 1142 1276 erat
1171 1240 1291 1274 Clerus
1309 1266 1317 1278 ,
1347 1251 1450 1274 unum
1479 1235 1697 1282 Capitulum:
1727 1235 1800 1269 Ve-

390 1288 583 1322 tuitautem
600 1297 641 1320 ne
651 1297 691 1319 eo
707 1298 794 1321 anno
813 1286 849 1321 in
863 1286 939 1322 aliis
955 1287 1113 1324 Ecclefiis
1136 1286 1366 1323 Ecclesiastica
1394 1286 1611 1321 Sacramenta
1635 1281 1804 1323 ministra—

390 1345 510 1370 rentur
523 1361 533 1374 ,
558 1333 611 1368 sed
628 1343 760 1368 tantum
774 1336 962 1369 earumdem
975 1334 1201 1372 Ecchfiarum
1214 1334 1397 1370 custodiam
1414 1334 1454 1368 iis
1468 1332 1595 1368 tribuit
1609 1328 1806 1364 Sacerdoti-

390 1383 450 1416 bus
467 1407 477 1420 ‚
492 1381 548 1427 qui
565 1381 693 1427 pridem
709 1381 777 1416 illis
791 1389 889 1416 erant
903 1382 1086 1430 adscripti.
1716 1404 1717 1407 =
1772 1422 1779 1428 ,

346 1431 402 1466 Ab
420 1431 482 1463 hoc
502 1429 655 1464 Decreto
672 1437 747 1463 orta
769 1428 904 1475 quaestl'o
915 1429 959 1464 est
973 1457 982 1470 ‚
1010 1444 1081 1478 quae
1097 1444 1184 1468 nunc
1198 1431 1313 1479 agitur
1340 1432 1373 1465 in
1400 1428 1464 1465 hoc
1478 1428 1580 1464 Sacro
1593 1423 1805 1466 Tribunum

391 1477 484 1513 Dum
501 1477 590 1510 euim
604 1475 673 1511 duo
684 1475 884 1512 Sacerdotes
896 1479 1040 1514 duarum
1050 1480 1275 1516 Ecclefiarum
1292 1477 1457 1513 Custodes
1472 1473 1672 1510 Franciscus
1688 1473 1804 1507 Anto-

390 1524 466 1559 nius
480 1523 653 1559 Pristierus
666 1550 675 1563 ‚
698 1525 730 1559 &
747 1524 898 1571 Ignatius
915 1526 1122 1563 Sansivierus
1146 1528 1214 1564 sese
1231 1526 1399 1562 Parochos
1428 1524 1561 1559 illarum
1578 1519 1805 1554 Ecclesiarum

389 1571 507 1606 dicunt
518 1598 527 1610 ,
552 1573 582 1606 δι
595 1572 813 1607 Parochialia
828 1584 968 1609 munera
984 1586 1149 1612 exercere
1163 1574 1286 1611 volunt
1298 1599 1308 1612 ‚
1336 1573 1367 1607 &
1384 1571 1446 1606 fibi
1460 1569 1607 1605 afferunt
1622 1568 1672 1609 jus
1688 1565 1805 1602 stolam

390 1617 541 1658 ferendi,
559 1618 834 1665 contenduntque
848 1620 926 1655 aliis
940 1620 1126 1658 senioribus
1139 1620 1376 1659 Sacerdotibus
1393 1613 1700 1664 pfaeeffej,illosque
1716 1624 1804 1660 Pl‘ae·

391 1665 508 1700 cedere
522 1692 532 1705 ‚
558 1665 848 1713 Archipresbyter
862 1694 872 1707 ,
897 1669 955 1715 qui
972 1669 1003 1703 se
1021 1670 1102 1705 facit
1116 1682 1221 1707 unum
1237 1668 1342 1703 totius
1368 1666 1498 1712 Oppidi
1527 1662 1715 1699 Parochum
1733 1687 1743 1701 ,
1768 1661 1813 1696 δι’

391 1712 514 1748 Clerus
528 1716 635 1748 omnis
648 1712 924 1749 Policastrensem
939 1716 1144 1764 Episcopum
1162 1717 1340 1761 adierunt,
1367 1723 1403 1749 ut
1418 1714 1497 1749 duos
1513 1712 1590 1747 illos
1604 1708 1801 1745 Sacerdotes

390 1760 599 1795 authoritate
623 1761 675 1796 sua
691 1761 943 1806 compesceret;
973 1764 1025 1798 sed
1052 1777 1129 1800 curn
1157 1765 1345 1812 Episcopus
1370 1773 1513 1806 pronior
1541 1759 1713 1794 videretur
1734 1756 1803 1790 in.»

391 1807 594 1843 sententiam
608 1833 618 1846 ‚
643 1820 715 1854 quae
731 1809 865 1844 duobus
891 1811 1126 1847 Sacerdotibus
1142 1813 1297 1849 favebat,
1317 1820 1385 1844 rem
1415 1818 1551 1843 omnem
1564 1808 1603 1840 ad
1619 1802 1799 1854 Ampliss‘t-

390 1865 461 1888 mos
479 1857 591 1889 t'atres
608 1856 1019 1902 detuleruntpostulantes
1033 1859 1158 1895 servari
1171 1859 1349 1894 decretum
1377 1858 1420 1891 ab
1433 1854 1596 1901 Episcopo
1621 1852 1802 1901 Sanctonio

392 1903 498 1937 latum
513 1928 522 1940 ‚
548 1905 637 1948 quod
658 1904 758 1949 longa
778 1906 969 1940 centenarii
993 1908 1158 1952 temporis
1173 1931 1183 1944 ‚
1211 1907 1242 1941 ὅ(
1269 1905 1356 1951 quod
1377 1904 1527 1938 excurrit
1561 1898 1804 1949 observatione

391 1946 632 1984 confirmatum
655 1950 829 1991 dicebant,
857 1953 1040 1997 pracsertim
1056 1980 1065 1993 ‚
1092 1966 1170 1990 cum
1183 1952 1265 1988 illud
1281 1952 1374 1987 idem
1389 1952 1562 1986 decretum
1575 1945 1695 1982 auditis
1717 1943 1806 1996 Par-

392 1995 483 2030 tibus
497 2008 566 2031 non
579 1996 815 2033 confirmatum
829 2006 962 2034 tantum
979 2027 988 2040 ‚
1016 2001 1069 2036 sed
1092 2000 1319 2047 ampliatum,
1340 1998 1617 2040 declaratumque
1646 1991 1752 2027 fuerit
1769 2001 1805 2041 {¹¹

392 2042 587 2123 {ditatione
621 2043 737 2080 habita
765 2046 871 2081 Anno
897 2057 995 2087 1730.
1031 2059 1050 2082 a
1078 2048 1218 2084 Vicario
1241 2044 1408 2080 Generali
1439 2037 1688 2079 policastrensis
1720 2038 1807 2084 Epi·

408 2101 447 2125 co
473 2101 498 2125 i.

346 2101 496 2173 Auditpus
510 2138 615 2183 igitur
628 2138 694 2174 fuit
709 2164 720 2178 ‚
745 2148 783 2175 ut
806 2139 877 2176 fieri
898 2141 1026 2183 decet,
1050 2142 1236 2190 Episcopus
1254 2168 1263 2182 ,
1283 2142 1341 2188 qui
1374 2138 1561 2186 longissima
1586 2133 1727 2183 epistola
1749 2130 1805 2166 se-

391 2184 538 2218 cundum
552 2185 638 2220 duos
664 2186 739 2221 illos
755 2188 954 2224 Sacerdotes
978 2189 1182 2236 respondit,
1206 2200 1268 2224 nec
1292 2188 1461 2223 dubitavit
1490 2186 1662 2220 Vicarium
1687 2179 1806 2214 Gene-

392 2231 499 2266 ralem
512 2233 686 2276 turpissimi
702 2233 837 2270 sceleris
861 2248 957 2270 reum
977 2248 1100 2284 agere,
1147 2237 1214 2272 uod
1227 2238 1401 2271 decretum
1429 2233 1512 2268 illud
1525 2230 1640 2267 tulerit
1664 2239 1723 2273 per
1736 2226 1807 2282 [0¹-

391 2280 471 2328 des,
496 2278 529 2312 8<
544 2278 684 2323 pecunia
699 2291 876 2326 corruptus
894 2308 902 2317 .
932 2250 1172 2319 Controversia
1187 2283 1301 2327 itaque
1325 2281 1435 2316 omnis
1451 2278 1556 2313 tribus
1569 2275 1713 2312 collecta
1729 2275 1804 2307 La-

392 2325 518 2370 pitibus
532 2335 551 2358 a
564 2331 704 2371 quorum
718 2328 827 2369 primo
841 2355 851 2369 ,
875 2329 910 2364 in
927 2343 996 2375 quo
1021 2332 1060 2364 de
1083 2331 1234 2364 Decreto
1263 2328 1413 2373 Episcopi
1443 2325 1613 2361 Sancstonii
1639 2324 1711 2358 lato
1728 2323 1804 2354 An-

394 2383 438 2405 no
469 2378 558 2413 1619⁴
575 2372 785 2418 disputatur,
810 2375 969 2411 universa
1001 2375 1127 2421 pendet
1153 2377 1203 2411 rei
1230 2375 1411 2413 definitio,
1439 2370 1713 2408 Eminentiffiinis
1736 2367 1807 2401 Pa-

394 2419 499 2453 tribus
522 2430 612 2453 nunc
635 2420 840 2465 proponitur
867 2449 876 2461 ‚
918 2423 976 2467 qui
1003 2423 1106 2465 probe
1131 2422 1282 2469 expensis
1310 2422 1349 2456 iis
1375 2448 1385 2461 ‚
1409 2433 1479 2468 quae
1505 2421 1580 2455 sunt
1611 2419 1647 2454 in
1665 2406 1804 2466 Libelss'

396 2465 703 2517 {trehipresbyteri
718 2492 728 2506 ,
751 2469 781 2502 &
795 2480 867 2514 qua:
882 2469 917 2503 in
930 2469 1072 2516 epistola
1103 2469 1159 2503 sua
1173 2470 1270 2503 habet
1291 2468 1467 2514 Episcopus
1484 2495 1493 2507 ‚
1522 2467 1579 2513 qui
1596 2475 1690 2502 totus
1710 2461 1806 2497 estin

396 2510 527 2552 juribus
539 2513 678 2548 duorum
689 2514 908 2551 Sacerdotum
923 2516 1070 2556 tuendis,
1084 2528 1226 2562 namque
1240 2515 1274 2550 hi
1287 2516 1435 2550 nondum
1449 2515 1621 2550 Libellum
1634 2513 1806 2548 dederunt,

396 2558 598 2608 respondere
617 2570 778 2605 poterunt
794 2588 803 2602 ‚

351 2604 378 2640 l.
405 2605 461 2638 An
477 2605 606 2639 servari
621 2606 741 2642 debeat
759 2610 945 2646 Decretum
968 2609 1126 2658 Episcopi
1152 2610 1322 2647 Sandonii
1339 2609 1462 2644 factum
1489 2610 1524 2644 in
1551 2610 1654 2643 Sacra
1678 2603 1804 2640 Vifita-

494 2651 586 2686 tione
601 2653 695 2689 Anni
715 2662 813 2703 1619.
827 2668 885 2702 pro
901 2657 1038 2694 Unione
1052 2657 1152 2694 Cleri
1179 2658 1296 2694 Terrae
1313 2657 1504 2693 Camerotae
1518 2683 1528 2697 ,
1559 2654 1757 2734 Gubernios,
1773 2649 1807 2683 &

1746 2708 1802 2732 er-
