1883 2907
36 1413 268 1457 Sessazoeec.

35 1462 72 1495 de
104 1462 199 1494 Ezit.
225 1463 267 1496 &⁴

36 1506 98 1550 obs
107 1509 149 1553 *in
163 1505 268 1545 celeb,

38 1555 133 1598 Mlsr.

344 100 438 174 iffa,
464 139 643 180 totumque
657 130 723 166 sere
739 128 946 165 matutinum
973 135 1102 175 tempus
1126 126 1246 162 Choro
1267 125 1449 164 assumatur
1466 153 1476 164 .
1506 130 1579 166 Hac
1608 131 1696 166 bona
1728 121 1827 168 fide)

347 191 483 217 ventum
497 179 542 213 est
556 181 595 213 ad
615 183 734 215 Annos
746 177 848 223 usquc
867 178 966 212 1616.
983 202 991 214 ,
1015 178 1160 214 &1625·
1172 200 1181 212 ‚
1207 174 1329 219 quibus
1344 174 1518 212 Canonici
1534 180 1671 226 quidam
1702 179 1736 214 in
1751 180 1825 214 actu

348 226 559 263 visitationis
579 228 804 274 impetrarunt
832 227 872 259 ab
893 223 1062 269 Episcopis
1076 250 1086 263 ,
1110 230 1145 256 ut
1159 221 1390 257 anniversaria
1415 224 1665 269 applicarentur
1680 238 1743 272 pro
1762 226 1827 259 Sa-

346 289 405 311 cro
422 277 682 310 Conventuali.
710 272 784 308 Hac
800 274 941 308 ratione
957 270 1117 305 transacta
1141 280 1193 304 res
1219 267 1264 304 est
1295 270 1334 303 ad
1361 282 1487 306 annum
1508 273 1609 320 usque
1632 285 1728 320 ¹737·
1757 284 1827 319 quo

345 333 458 359 novus
477 322 657 369 Episcopus
672 322 758 355 hanc
773 320 969 356 facultatem
980 317 1117 363 negavit
1131 343 1141 356 ,
1163 316 1320 362 jussitque
1333 317 1520 354 Canonicis
1535 347 1544 360 ‚
1571 330 1607 355 iit
1632 322 1699 359 ‚hac
1724 324 1762 356 de
1789 332 1825 355 re

348 372 435 405 intra
450 369 506 405 sex
532 370 658 404 menses
677 368 810 403 sacrum
835 370 897 402 hoc
918 364 1082 416 l‘ribunal
1107 364 1237 398 adirent
1252 389 1262 402 ,
1278 364 1317 399 iis
1330 365 1424 400 enim
1438 367 1559 414 elapsis
1576 395 1583 407 ,
1602 371 1640 405 ad
1659 371 1827 415 agendum

344 418 585 455 Conventuale
601 418 737 451 Sacrum
752 427 807 450 eos
824 413 928 449 teneri
944 412 1059 446 voluit
1074 438 1082 446 .
1107 410 1332 446 Calamitates
1347 436 1358 450 ,
1382 414 1505 459 quibus
1528 416 1660 463 Europa
1679 416 1825 450 univer-

347 466 381 501 sa
396 494 404 507 ‚
432 467 462 502 ὅ(
480 465 720 511 Hispaniarum
736 461 1000 509 Regnatiirbata
1013 457 1111 496 sunt,
1138 457 1173 491 in
1183 456 1280 493 causa
1295 458 1429 495 fuerunt
1443 487 1451 500 ,
1478 473 1517 497 ne
1542 462 1714 498 canonici
1734 464 1824 496 Am-

347 513 507 558 pliffimos
523 511 636 546 Patres
649 510 776 544 adii-crit
797 518 877 543 ante
895 509 1033 542 Annum
1055 514 1151 551 1740.
1180 502 1393 551 postularunt
1420 508 1533 556 itaque
1564 522 1607 546 eo
1633 521 1822 556 tempora,

347 560 613 606 applicationem
625 555 935 591 anniversariorum
953 565 1010 598 pro
1025 553 1131 588 Sacro
1142 550 1375 588 conventuali
1402 554 1436 589 in
1455 555 1605 592 futurum
1622 585 1631 598 ,
1654 559 1686 594 &
1719 555 1824 591 abso—

350 609 516 642 lutionem
540 617 601 651 pro
611 604 721 638 Sacris
738 604 912 648 preterito
927 601 1086 636 bassenus
1099 609 1251 644 tempore
1264 600 1387 636 omiflis
1399 625 1410 636 .
1437 602 1584 639 Auditus
1601 604 1667 640 fuit
1685 604 1826 651 Episco-

351 667 432 694 pus,
457 655 514 700 qui
529 651 849 697 responditomnia,
871 661 946 695 quae
961 648 1063 694 supra
1083 644 1254 686 diximus',
1279 658 1440 689 narrans,
1471 649 1644 699 animique
1670 651 1719 686 sui
1749 651 1825 685 sen-

347 703 492 736 tentiam
513 702 631 736 addens
650 724 659 737 ‚
683 708 721 734 ut
745 699 880 745 quoties
907 696 1064 731 censeant
1081 694 1336 730 Eminentissimi
1353 696 1468 732 Patres
1495 699 1606 734 teneri
1627 698 1826 734 Canonicos

351 750 390 784 ad
404 750 540 784 Sacrum
555 747 718 792 agendum
732 773 741 786 ,
766 745 931 791 indulgeri
955 743 994 778 iis
1011 743 1105 788 possit
1119 769 1128 782 ,
1153 750 1190 776 ut
1209 753 1329 777 munus
1345 744 1408 779 hoc
1423 745 1587 791 impleant
1604 773 1624 785 „
1651 746 1827 780 celebran-

303 824 328 839 „
354 798 401 830 do
419 795 551 830 Missam
566 795 685 829 lectiam
701 821 709 834 ‚
735 793 793 828 seu
808 792 981 827 recitatam
1005 790 1040 825 in
1056 789 1220 841 Cappellai
1237 788 1291 824 SS.
1306 790 1507 839 Martyrum
1531 792 1589 828 sub
1613 793 1728 828 Altari
1753 804 1829 827 iiia-

307 871 331 887 „
358 843 421 884 jori
436 845 543 878 erecta
557 869 566 881 ‚
585 841 664 875 dum
680 840 714 875 in
729 841 848 876 Choro
862 846 1018 875 cantatur
1031 863 1040 876 ‚
1069 847 1128 872 aut
1141 845 1309 871 recitatur
1323 837 1449 873 Tertia
1461 864 1470 877 ,
1499 841 1597 876 sexta
1615 867 1624 879 ,
1650 841 1682 875 &
1701 840 1802 876 Nona
1815 853 1826 873 ε

353 892 434 937 Qio
453 902 536 926 vero
551 890 591 925 ad
606 890 812 934 praeterituin
827 897 956 931 tempus
967 882 1220 920 deliberandum
1235 883 1400 931 relinquit
1416 886 1694 923 Eminentjssimig
1711 887 1822 922 Patri.

352 939 412 973 bus
432 952 440 972 :
468 939 552 974 Duo
573 937 684 980 itaque
696 948 786 971 nunc
801 934 920 970 Dubia
933 942 1170 977 proponuntur
1186 955 1194 964 .
1573 963 1575 965 ,

306 991 334 1021 Ι.
360 991 421 1021 An
437 987 592 1022 Canonici
611 984 802 1030 eollegiatae
821 980 966 1023 Ecclefiae
984 985 1015 1014 S.
1029 982 1148 1014 Mariae
1165 982 1332 1015 civitatis
1347 982 1524 1029 Minor-iffae
1539 1010 1548 1023 ‚
1567 984 1628 1026 fiete
1655 981 1825 1026 Manrefiae

494 1031 668 1068 celebrare
682 1056 693 1069 ,
717 1035 760 1068 &
775 1030 951 1077 applicare
964 1036 1146 1062 tene-intur
1160 1026 1276 1071 Missas
1294 1030 1537 1066 Conventa-eles
1553 1033 1586 1065 in
1603 1034 1821 1078 praeteritum

493 1078 649 1150 omissasz,
675 1083 719 1115 Θ
749 1091 811 1113 mm
837 1074 1030 1112 celebratas
1049 1099 1059 1112 ,
1076 1074 1135 1117 scu
1154 1076 1273 1122 potius
1296 1087 1316 1108 a
1336 1079 1498 1123 pre-diff&
1517 1091 1614 1114 onere
1631 1078 1699 1122 sint
1713 1078 1828 1122 absbl-
1865 1079 1869 1082 ’

495 1128 598 1165 vendi
627 1151 636 1159 .

305 1178 346 1210 II.
378 1180 436 1210 ,Λη
455 1174 658 1211 felchi-ando
680 1172 810 1219 Missam
832 1173 954 1207 leiim
979 1173 1013 1206 In
1029 1172 1184 1218 cappella
1199 1176 1256 1205 SS.
1272 1176 1465 1216 Martyrum
1474 1172 1538 1216 fiaeb
1551 1175 1681 1210 Altam·
1695 1173 1824 1218 Majori

493 1225 527 1257 d.
540 1220 684 1263 Ecclesia?
700 1244 710 1256 ,
723 1223 798 1255 dum
813 1222 846 1254 in
864 1219 965 1258 Choro
983 1221 1175 1254 recitantur
1189 1224 1284 1252 Horae
1303 1222 1468 1253 Canonicae
1483 1244 1493 1258 ,
1524 1221 1725 1265 satisfacere
1756 1231 1826 1255 va·
1856 1232 1859 1235 ’

493 1271 588 1305 leant
610 1271 705 1304 oneri
719 1266 819 1312 Miffic
837 1266 1077 1301 Conventualis
1090 1289 1100 1302 ,
1119 1266 1308 1312 ,Ιὲιιροῐὶιις
1323 1268 1437 1301 eadem
1465 1268 1560 1314 Mi'ffiz
1586 1289 1595 1300 i
1608 1269 1628 1302 d
1644 1268 1737 1311 solos
1753 1269 1826 1302 dies

495 1315 598 1358 Festi-z
610 1329 646 1351 os
656 1313 700 1356 fit
715 1315 897 1349 recinenda
910 1314 944 1347 in
958 1314 1035 1357 casia
1052 1316 1127 1348 &a

401 1411 670 1448 AMPANIEN
688 1424 695 1444 :
721 1409 901 1445 Publicum
915 1409 1112 1444 Oratorium
1132 1407 1168 1441 in
1193 1407 1351 1443 honorem
1370 1409 1416 1444 D.
1430 1409 1564 1455 Joseplii
1578 1421 1597 1444 a
1620 1409 1688 1445 solo
1715 1408 1827 1443 erexit

411 1461 505 1501 iuxta
521 1460 670 1506 proprias
693 1457 779 1493 ardes
797 1457 831 1491 in
846 1456 1000 1490 Civitate
1015 1455 1207 1496 Campaniae
1221 1454 1416 1491 Gherardus
1441 1457 1594 1502 Copetus
1608 1482 1618 1498 ‚
1640 1456 1826 1492 constituta

351 1509 429 1542 dote
447 1510 663 1544 Diicatorum
678 1504 825 1544 millium
837 1531 846 1544 ‚
877 1505 1018 1549 datoque
1034 1513 1133 1538 onere
1151 1503 1255 1538 trium
1269 1502 1439 1538 sacrorum
1467 1503 1603 1550 singulis
1622 1503 1823 1537 Hebdoma-

351 1556 425 1588 dis:
452 1555 703 1600 Juspatronatus
728 1552 877 1586 familiae
903 1550 965 1586 suae
989 1550 1181 1585 reservavit
1212 1577 1221 1590 ,
1259 1550 1436 1596 legemque
1465 1552 1499 1585 in
1523 1550 1596 1585 acm
1620 1550 1827 1585 fundationis

353 1602 503 1641 adiecit,
525 1610 563 1636 ut
591 1601 710 1636 liceret
739 1599 915 1634 fenestram
941 1597 1064 1632 habere
1079 1624 1089 1638 ‚
1117 1609 1134 1630 e
1152 1609 1218 1642 qua
1242 1597 1279 1632 in
1301 1598 1502 1632 Oratorium
1521 1597 1664 1643 prospici
1692 1595 1800 1640 posset
1817 1623 1826 1636 ,

353 1663 425 1695 quo
439 1648 656 1684 commodius
670 1650 805 1682 Sacrum
833 1645 970 1680 audiant
993 1644 1079 1685 filii,
1105 1645 1136 1678 &
1163 1645 1306 1679 haeredes
1327 1646 1362 1680 in
1389 1654 1588 1691 perpetuum
1603 1647 1741 1680 domum
1767 1643 1827 1678 ha·

353 1698 503 1731 bitantes
517 1720 525 1729 .
552 1696 671 1730 Preces
690 1695 765 1728 inde
778 1693 903 1727 obtulit
919 1692 1018 1726 Sacro
1034 1692 1111 1727 huic
1129 1691 1312 1727 Tribunaii
1327 1719 1337 1732 ,
1362 1693 1480 1739 quibus
1512 1694 1649 1736 petebat
1663 1718 1672 1731 ‚
1699 1699 1736 1725 ut
1755 1691 1827 1726 haee

352 1744 468 1778 omnia
482 1743 736 1788 probarentur.
763 1739 885 1775 Audiri
914 1739 1051 1779 debuit,
1081 1749 1119 1773 ut
1145 1741 1247 1774 moris
1278 1738 1323 1773 est
1346 1766 1357 1778 ‚
1383 1740 1587 1785 Episcopus,
1611 1740 1668 1785 qui
1692 1741 1827 1772 tandein

351 1790 527 1835 respondit
542 1816 550 1828 ,
577 1789 794 1824 Gherardum
809 1787 894 1821 lares
918 1785 1116 1821 transtulisse
1129 1786 1303 1821 Salernum
1317 1811 1324 1819 ,
1349 1785 1493 1833 ideoque
1508 1790 1569 1822 hac
1593 1785 1734 1821 fenestra
1750 1796 1826 1821 con-

354 1837 415 1872 suli
436 1836 670 1873 commodita'ti
683 1847 749 1870 non
764 1833 1372 1879 samiliaeCopetae‚sedlnquilinorum
1383 1835 1537 1869 :Addidit
1553 1833 1749 1868 facultatem
1763 1844 1828 1866 ex—

353 1885 490 1919 truendi
529 1883 728 1919 Oratorium
768 1893 833 1915 nec
869 1893 886 1914 a
922 1880 1018 1926 Rege
1055 1909 1065 1921 ‚
1103 1893 1163 1916 nec
1197 1882 1238 1916 ab
1275 1880 1443 1927 Episcopo
1480 1880 1662 1916 obtinuisse
1699 1893 1706 1913 :
1730 1880 1830 1914 Cau-

354 1941 429 1966 tum
465 1930 530 1967 effe
563 1944 580 1966 a
620 1931 717 1977 Rege
762 1956 772 1970 ‚
808 1940 851 1962 ne
883 1939 979 1963 novae
1013 1937 1220 1969 extruantur
1265 1927 1417 1963 Ecclesiae
1454 1944 1463 1964 ε
1509 1927 1712 1964 Oratorium
1760 1928 1825 1961 hoc

354 1979 452 2013 brevi
479 1978 662 2014 intervallo
675 1977 795 2012 distare
820 1978 861 2009 ab
886 1976 1034 2010 Ecclesia
1049 1976 1113 2011 PP.
1133 1976 1305 2010 Minorum
1318 1975 1586 2010 observantium
1601 2002 1611 2016 ‚
1634 1975 1667 2010 8<
1682 1975 1726 2009 ab
1740 1975 1826 2009 alte·

353 2037 390 2059 ro
406 2026 569 2062 Oratorio
586 2024 892 2061 FamiliaePerotiae
909 2036 917 2056 .-
944 2024 1057 2058 niinui
1080 2022 1166 2067 posse
1180 2023 1246 2057 hoc
1266 2034 1360 2057 novo
1381 2023 1547 2058 Oratorio
1566 2022 1824 2068 frequentiam-2

355 2071 478 2118 Populi
503 2073 536 2107 in
555 2073 634 2108 aliis
648 2071 896 2117 antiquioribus
916 2070 1069 2105 Ecclesiis
1085 2095 1095 2108 ,
1122 2080 1316 2116 novumque
1331 2071 1428 2103 malis
1439 2071 1629 2109 hominibus
1645 2069 1824 2114 Asylum-

356 2120 504 2162 aperiri.
533 2120 615 2155 Adit
637 2131 728 2154 nunc
750 2117 1185 2163 GherardusAmpliffimos
1199 2118 1327 2157 Pati-es,
1360 2116 1571 2163 disputatque
1599 2127 1716 2151 contra
1736 2119 1823 2150 hanc

354 2165 509 2212 Episcopi
536 2168 766 2201 narrationem
782 2192 789 2203 ,
816 2164 998 2199 monstrans
1024 2165 1114 2200 lares
1139 2165 1275 2209 quidem
1298 2163 1371 2198 suos
1386 2164 1563 2207 Salernum
1591 2160 1789 2198 transtuliss'e
1811 2187 1822 2201 ,

353 2213 510 2259 hyberno
525 2224 638 2248 tamen
653 2224 801 2257 tempore
814 2212 1008 2257 Campania:
1027 2224 1155 2247 moram
1180 2213 1334 2247 trahere:
1364 2210 1509 2256 expresse
1539 2223 1556 2246 a
1571 2212 1666 2255 Rege
1680 2235 1692 2250 ‚
1716 2209 1821 2245 taciie

353 2261 396 2293 ab
424 2260 590 2306 Episcopo
606 2285 616 2297 ,
642 2261 700 2303 qui
731 2260 857 2303 pluries
876 2258 1056 2294 aedificium
1074 2259 1227 2293 oratorii
1255 2258 1367 2297 vidit,
1393 2260 1423 2292 δι
1456 2259 1632 2298 laudavit,
1657 2256 1820 2292 assensum

351 2306 558 2341 obtinuisse:
586 2305 769 2341 Ecclesiam
783 2306 916 2340 Patrum
931 2306 1106 2341 Minorum
1119 2333 1128 2346 ,
1145 2306 1176 2340 <Sc
1193 2306 1400 2344 Oraiorium
1415 2305 1565 2340 Familiae
1581 2305 1726 2340 Pero'ttae
1744 2304 1820 2337 lon-

352 2354 430 2399 gius
459 2352 579 2388 distare
594 2379 604 2392 ,
630 2365 727 2399 quam
744 2363 856 2387 narret
874 2353 1054 2398 Episcopus
1071 2367 1078 2387 :
1105 2353 1191 2388 Rem
1206 2365 1277 2389 non
1288 2352 1352 2387 ess‘e
1364 2355 1403 2387 de
1429 2352 1588 2388 Ecclesiis
1603 2350 1820 2387 t'arochiali-

351 2402 413 2434 bus
429 2426 438 2438 ‚
463 2401 584 2445 quibus
610 2399 735 2435 consuli
752 2401 847 2433 debet
862 2426 872 2438 ‚
898 2411 938 2432 ne
952 2400 1072 2443 Populi
1086 2399 1276 2444 frequentia
1291 2401 1464 2435 minuatur
1485 2426 1494 2438 ,
1520 2400 1576 2434 sed
1602 2410 1678 2434 cum
1702 2398 1821 2432 Eccle-

351 2446 395 2480 sia
410 2447 596 2493 Regulari5
621 2447 815 2481 Praefectum
831 2445 1038 2482 Monasterio
1050 2448 1183 2480 veniam
1211 2446 1336 2482 dedisse
1353 2472 1363 2484 ,
1387 2457 1424 2480 ut
1448 2447 1644 2486 Oratorium
1669 2443 1819 2480 aedifica-

350 2504 467 2575 {etun
494 2494 576 2530 Haec
591 2493 667 2529 sunt
682 2493 851 2530 rationes3
874 2492 995 2538 quibus
1009 2492 1116 2533 Duo,
1141 2505 1212 2540 quae
1227 2493 1451 2533 subjicimus,
1480 2495 1592 2531 Dubia
1603 2491 1822 2539 expedienda,

367 2550 445 2576 unt.
630 2550 633 2553 ·
673 2569 676 2572 .

302 2598 329 2627 I.
354 2598 413 2625 .An
429 2589 609 2634 Episcopus
626 2593 813 2634 Campanae
824 2586 1102 2635 stuc-praejudicio
1120 2591 1264 2633 furii-:m
1282 2590 1539 2625 Pmchialium
1566 2598 1725 2626 teneatur
1738 2600 1817 2622 con-

489 2637 604 2669 cedere
614 2636 820 2676 fizcnltatem
846 2635 1062 2672 benedicendi
1076 2640 1272 2672 oratoriam
1288 2660 1299 2674 ‚
1327 2640 1365 2673 de
1391 2649 1456 2683 quo
1479 2637 1597 2681 agitur
1616 2646 1682 2685 pro
1703 2637 1816 2680 sacris

478 2681 718 2730 pangendi&
744 2683 777 2716 &
795 2691 964 2727 quatenus
978 2681 1184 2720 affirmative
1198 2713 1205 2720 .
1812 2721 1815 2723 ,

1648 2735 1689 2770 11,
1715 2736 1774 2770 ,Λη
