1901 2970
1508 23 1524 47 1

60 54 218 103 pastinum
233 50 500 97 Juspatronatus
514 56 638 85 vocato
652 75 661 89 ,
687 47 891 87 Beneficium
905 52 1020 89 hocin
1040 53 1225 102 simplicem
1242 57 1435 92 manualem
1458 28 1548 106 Cap}

59 101 242 149 pellaniain
264 105 502 134 converteret,
525 98 555 131 ὅ(
581 108 836 148 commutaret,
858 99 1037 137 offerentes
1052 103 1086 137 in
1117 103 1302 139 utilitate-iii
1319 104 1473 141 Ecclefiae
1487 119 1547 143 au-

64 157 237 196 gmentum
257 144 346 179 dotis
370 147 404 177 in
421 145 542 178 annuis
558 147 688 179 ducatis
712 145 897 183 duodecim
915 177 922 184 .
952 148 1042 184 Data
1059 148 1123 185 fuit
1151 152 1192 185 ab
1216 152 1360 196 Optimo
1385 153 1542 200 Principe

64 192 307 243 postulationis
331 192 428 233 hujus
454 193 609 237 cognitio
635 193 856 237 Ampliilimis
888 196 1066 235 Patribus;
1093 197 1285 244 Auditiquc
1303 197 1541 237 sueruntutri-

65 254 129 289 que
155 239 341 288 Episcopi,
368 238 591 274 Satrianensisi
611 265 620 279 ,
647 240 912 280 &l’otcntinus‚
935 244 992 290 qui
1022 249 1054 278 in
1076 255 1114 278 ea
1134 244 1208 280 sunt
1234 246 1399 282 sententia
1425 249 1540 293 postu-

67 289 190 325 lationi
215 285 280 321 css'e
303 286 537 322 annuendum.
561 286 672 322 Cau1‘a
701 299 790 323 nunc
809 288 923 336 itaque
940 292 1142 337 proponitur
1159 319 1168 332 ,
1195 304 1380 340 urgentque
1400 295 1538 333 Patroni

66 335 211 370 similem
228 334 372 380 gratiam
393 332 562 368 indultam
589 333 685 368 fuisse
699 336 740 369 ab
764 335 827 372 hoc
841 338 941 373 Sacro
966 338 1150 375 Tribunali
1172 340 1206 374 in
1232 348 1457 388 Capuaque-n.
1484 345 1538 382 die

63 393 79 419 ι
112 409 118 417 .
139 386 282 432 Aprilis
307 381 387 416 anni
415 385 539 425 ¹7²⁸·›
566 381 669 417 immo
682 382 724 416 ab
741 382 880 426 ipsomet
900 385 1064 434 Episcopo
1089 386 1231 423 concedi
1255 388 1349 434 poss'e
1361 390 1539 427 substinere

61 435 63 437 '
100 432 246 468 onzalez
259 431 303 463 ad
315 435 396 475 Reg.
407 439 440 470 9.
461 429 647 464 Cancellar.
662 431 760 476 glast}
778 443 804 470 5.
821 431 855 476 ᾧ.
868 438 900 467 6.
918 448 949 469 n.
963 436 1021 470 62.
1037 438 1080 471 Θ*
1097 438 1229 471 Corrad.
1243 439 1275 470 in
1298 444 1408 472 Prax.
1426 442 1539 484 Benefi

65 479 128 514 lib,
150 488 179 513 1.
207 485 280 525 cap.
292 476 325 512 6.
348 489 382 510 η.
403 475 480 519 287.
495 474 639 527 ideoque
660 488 702 510 eo
723 478 863 521 amplius
878 479 920 514 ab
943 481 1006 516 hoc
1021 480 1123 517 Sacro
1140 481 1398 519 Tribunaliesse
1414 496 1538 522 conce·

65 525 232 564 dendam,
261 535 336 559 cum
361 523 463 569 longe
478 524 636 567 ampliori
662 523 823 574 potestate
847 526 975 572 polleat
999 554 1010 568 ,
1044 528 1224 573 praesertim
1245 542 1319 566 cum
1349 531 1417 578 ipse
1441 532 1537 568 Fun-

66 572 165 607 dator
179 572 214 607 in
240 570 390 617 pluribus
405 568 531 604 casibus
555 568 759 606 Beneficium
779 572 844 607 hoc
857 586 920 620 pro
933 572 1074 620 simplici
1092 575 1313 622 Cappellania
1339 578 1456 614 haberi
1472 592 1534 617 vo-

65 617 196 655 luerit:
225 620 308 654 fixe
330 617 489 651 Patroni:
518 616 660 667 superest
677 628 712 652 ut
733 619 776 652 ab
792 620 1012 664 Ampliffimis
1037 622 1189 659 Patribus
1205 624 1406 661 definiatur.

18 667 79 703 ’.Αη
95 677 242 703 vacante
268 665 428 706 Beneficio
445 663 510 707 snb
525 666 630 700 titulo
655 671 688 699 5.
711 668 878 709 {yanuarii
905 669 1079 716 hpiscopi‚
1104 675 1146 707 αὖ*
1172 675 1341 711 Martyris
1355 676 1394 708 de
1420 676 1531 718 ‘Jure-

201 722 411 763 patromctcs
430 712 578 746 Fami-lim
593 714 725 748 salines
740 738 751 750 ‚
776 714 1182 763 n‘flloquepraecxislente
1200 721 1322 756 clerico
1331 720 1456 767 paffive
1469 733 1532 758 vo-

205 770 305 800 cato,
318 759 363 801 sit
387 759 483 793 locus
505 761 685 796 mutaticm'
707 760 847 804 ejufilem
865 764 1019 804 Beneficii
1031 767 1063 799 in
1079 764 1264 811 simplicem
1283 767 1531 816 cappellaniam

203 806 452 844 manualcmad
477 814 593 842 nutum
621 813 847 843 Pati-unorum
861 812 896 845 in
922 811 997 854 casu
1011 815 1088 849 &c-

188 914 523 969 Affirmative
559 917 1034 982 retentaqualitate
1074 916 1350 982 Beneficii,
1385 921 1531 974 &fa-

83 984 164 1036 (ἦε.
183 1001 278 1053 per
313 983 571 1035 Patronos
607 986 938 1052 obligatione
972 992 1350 1041 manutenendi
1387 992 1530 1042 Bona.

83 1055 337 1122 affignata
373 1055 426 1102 in
461 1053 771 1103 fundatione
795 1092 810 1114 ,
847 1072 1052 1107 necnon
1088 1058 1331 1110 redditus
1364 1060 1526 1111 duca-

84 1137 272 1173 torum
309 1123 597 1176 duodecim
636 1122 1013 1190 assignatorum
1051 1127 1106 1175 in
1147 1142 1566 1194 augumentum(

78 1189 327 1243 Beneficii
355 1230 368 1244 .

10 1327 95 1415 R
112 1328 253 1366 UBEN.
281 1329 319 1366 In
342 1339 483 1378 utraque
502 1333 628 1378 Apulia
646 1361 656 1375 ,
684 1337 846 1371 Peucetrz
874 1333 1005 1370 stilicet
1021 1361 1031 1376 ,
1054 1346 1093 1370 ac
1119 1338 1253 1372 Daunia
1280 1336 1442 1373 Ecclesias
1465 1335 1528 1371 effe

123 1378 347 1415 Cathedrales
364 1405 374 1418 ,
398 1391 469 1426 qux
483 1383 591 1426 quoad
622 1381 814 1428 Dignitates
869 1384 898 1416 δι
925 1383 1127 1418 Canonicos
1144 1391 1322 1419 numerant·
1341 1385 1438 1422 sunt,
1461 1396 1529 1430 quo

56 1435 142 1460 vero
155 1425 197 1460 ad
211 1426 361 1472 reliquos
377 1427 450 1462 sunt
469 1427 663 1472 simpliciter
679 1440 860 1471 receptant
875 1455 884 1467 ,
897 1441 956 1464 nec
968 1430 1010 1464 ad
1027 1430 1323 1477 participationem
1340 1432 1504 1467 fructuum
1518 1457 1527 1470 ,

55 1472 87 1507 &
100 1472 306 1523 *reddituum
330 1473 629 1511 admittuniurnfi
648 1504 656 1514 ‚
681 1479 736 1522 qui
764 1476 921 1512 Civicam
936 1478 1079 1511 babeant
1092 1477 1312 1522 qualitatem,
1337 1479 1367 1513 ὅ(
1384 1479 1438 1524 qui
1454 1490 1528 1525 gra-

53 1527 181 1554 tuitum
198 1544 205 1552 .
233 1519 300 1556 five
315 1521 448 1567 longius
465 1550 473 1561 ,
504 1521 571 1556 five
589 1525 723 1559 brevius
738 1525 831 1565 juxta
855 1524 1076 1569 particulares
1090 1524 1251 1570 cujusque
1280 1525 1430 1562 Ecciefiae
1443 1537 1528 1560 con·-

53 1562 273 1607 suetudines,
303 1569 357 1604 vel
381 1569 653 1605 Constitutiones
670 1597 678 1609 ‚
703 1570 879 1605 servitium
912 1570 1146 1614 perstiterint,
1175 1573 1431 1617 cognitiffiinum
1458 1572 1531 1610 est,

16 1615 21 1618 ”
51 1613 84 1647 ἃ
102 1614 335 1660 amplissimum
350 1627 411 1660 pro
423 1616 548 1651 cuneis
565 1617 794 1652 testimonium
812 1618 917 1652 reddit
936 1623 1025 1652 (ard.
1044 1622 1082 1653 de
1101 1625 1187 1653 Luca
1202 1622 1324 1666 aiij7
1353 1622 1392 1655 de
1409 1626 1527 1656 Canon.

51 1665 96 1697 ψ
122 1665 227 1707 capit.
255 1662 352 1696 lnter
365 1663 425 1698 has
438 1663 659 1699 Cathedrales
682 1664 728 1699 est
746 1663 886 1699 Ecclesia
910 1663 1098 1703 Rubensis3
1125 1677 1197 1710 quae
1220 1665 1299 1700 licet
1320 1666 1426 1711 quoad
1459 1667 1525 1702 Di-

49 1710 200 1752 gnitates
215 1735 225 1751 ,
250 1710 281 1744 &
307 1709 502 1746 Canonicos
520 1721 690 1746 numerata
719 1710 757 1745 sit
772 1738 781 1751 ,
805 1712 904 1746 babet
926 1721 1038 1746 tamen
1061 1712 1218 1747 clericos
1241 1714 1273 1748 8<
1297 1713 1489 1749 Sacerdotes
1512 1739 1523 1754 ‚

50 1765 196 1800 quorum
222 1758 369 1792 incertus
388 1756 432 1792 est
452 1767 612 1792 numerus
628 1785 639 1798 ,
663 1760 694 1793 ὅ(
714 1757 907 1793 indefinitus
924 1785 932 1798 ,
954 1758 1076 1805 quique
1091 1759 1131 1792 de
1151 1759 1435 1795 communimassa
1450 1771 1524 1806 par·

50 1802 198 1848 ticipant
214 1827 226 1839 .
243 1803 317 1851 Qi
339 1804 430 1840 cives
446 1805 522 1840 sunt
535 1832 544 1844 ,
567 1806 597 1841 δι
616 1815 713 1842 certo
735 1815 881 1848 tempore
905 1805 1088 1843 servitium
1103 1804 1257 1842 Ecclesiae
1272 1806 1496 1853 praestiterunt
1510 1833 1520 1847 ‚

49 1850 215 1895 gradatim
241 1852 281 1884 ad
302 1852 488 1887 reddituum
504 1853 804 1900 participationem
819 1851 1048 1888 admittunvur
1060 1880 1070 1893 ,
1097 1853 1300 1890 Subdiaconi
1318 1854 1394 1900 post
1412 1854 1519 1889 trien·-v

46 1898 127 1931 nale
151 1897 334 1934 servitium
357 1901 397 1935 de
410 1901 518 1936 tertia
535 1910 632 1946 parte
658 1900 848 1935 reddituum
869 1901 1079 1946 participant
1093 1926 1103 1939 ,
1127 1900 1277 1952 Diacqni
1302 1900 1377 1935 faeti
1391 1927 1402 1941 ,
1424 1913 1519 1948 prae-

47 1943 198 1991 stitoque
214 1956 273 1991 per
285 1945 529 1992 quadriennale
546 1955 675 1992 tempus
690 1946 845 1984 servitio<
868 1947 969 1982 aiiam
984 1950 1124 1984 tertiam
1134 1947 1270 1994 partem
1286 1947 1519 1995 assequuntur,

47 1988 184 2028 demum
210 1992 254 2028 ad
278 1994 507 2029 Sacerdotium
525 1996 692 2037 promoti,
718 1995 931 2040 praestitoque
948 2006 1006 2040 per
1032 1994 1125 2029 aliud
1147 1995 1329 2030 triennium
1350 1995 1490 2031 servitio
1506 2021 1518 2036 ,

49 2039 220 2085 integram
243 2042 400 2075 obtinent
422 2041 612 2076 reddituum
630 2050 761 2089 partem
787 2041 846 2076 sub
869 2054 967 2076 onere
989 2052 1104 2077 tamen
1132 2041 1300 2085 praestandi
1323 2043 1518 2078 alternatim

47 2084 225 2121 servitium
240 2087 349 2122 Chori
364 2113 373 2125 ,
402 2088 433 2122 δι
449 2091 549 2124 Sacra
575 2089 830 2124 Conventualia
854 2100 913 2132 per
941 2089 1096 2123 Turnum
1117 2089 1261 2134 agendi,
1285 2101 1302 2122 a
1324 2100 1390 2136 quo
1411 2101 1516 2124 onere

46 2133 214 2169 immunes
241 2137 416 2170 dumtaxat
432 2136 506 2170 sunt
532 2135 728 2182 Dignitates
743 2161 752 2174 ,
781 2136 968 2181 agendique
990 2137 1092 2170 etiam
1117 2146 1246 2170 certum
1268 2136 1436 2172 sacrorum
1454 2147 1516 2170 nu·

45 2191 180 2216 merum
195 2208 205 2221 ,
228 2191 266 2217 ut
279 2184 348 2230 piae
365 2181 580 2217 Testatorum
596 2208 608 2223 ,
638 2184 697 2218 vel
714 2183 918 2228 largitorum
945 2183 1140 2218 voluntates
1154 2184 1377 2227 impleantur:
1403 2184 1433 2218 &
1456 2183 1516 2229 qui

44 2227 135 2264 hanc
158 2230 453 2275 participationem
476 2230 702 2265 obtinuerunt
717 2256 726 2269 ‚
746 2233 785 2264 ad
816 2240 956 2264 mortem
985 2230 1087 2277 usque
1105 2241 1178 2264 eam
1191 2231 1366 2270 retinent,
1394 2232 1423 2265 ὃ(
1443 2229 1465 2264 si
1482 2230 1516 2265 in

44 2275 208 2312 Civitate
237 2276 298 2311 sint
313 2304 322 2316 ,
348 2281 470 2311 eadem
496 2288 602 2312 onera
624 2277 730 2313 Chori
747 2304 757 2319 ‚
782 2278 812 2312 &
834 2277 1015 2312 Sacrorum
1033 2288 1090 2322 per
1104 2277 1186 2312 aiios
1204 2278 1347 2323 implere
1363 2276 1490 2321 possunt
1504 2300 1518 2312 .

0 2321 91 2358 Cum
116 2323 223 2369 igitur
254 2323 395 2359 Ecclesia
421 2326 490 2359 baec
514 2335 576 2369 pro
600 2323 810 2371 simplicibus
835 2325 1073 2359 Sacerdotibus
1099 2325 1278 2368 receptitia
1299 2324 1426 2371 semper
1442 2350 1452 2363 ,
1483 2325 1515 2358 δι

51 2370 263 2406 innumerata
279 2370 380 2406 fuerit
399 2395 409 2409 ,
434 2382 509 2406 mos
523 2370 613 2411 fuit,
635 2381 673 2405 ut
702 2374 814 2406 eadem
835 2372 1052 2418 participatio
1067 2371 1143 2412 Jure
1164 2372 1290 2406 Civico
1303 2371 1458 2417 quaesita,
1482 2371 1516 2405 &

8 2449 12 2452 .
49 2416 119 2451 fine
132 2417 208 2453 ullo
224 2417 325 2453 titulo
341 2417 507 2454 collativo
520 2444 530 2458 ,
557 2419 751 2465 penitusque
765 2419 915 2464 separata
931 2420 961 2453 δι
976 2417 1132 2453 disiuncta
1148 2429 1166 2451 a
1191 2419 1433 2464 Dignitatibus
1449 2444 1459 2457 ,
1483 2419 1516 2452 &

48 2464 319 2501 Canonicatibus
331 2493 341 2506 ‚
366 2468 569 2502 retineretus
583 2478 659 2501 cum
676 2466 745 2501 illis
763 2466 828 2501 sine
843 2466 911 2501 ulla
925 2466 1047 2501 Sanoae
1061 2465 1156 2500 Sedis
1173 2464 1420 2511 dispensatione
1431 2490 1442 2502 ,
1455 2466 1517 2498 irn-

46 2523 106 2547 mo
119 2514 318 2558 quandoque
328 2512 438 2548 dimiff
475 2515 580 2549 etiarn
603 2513 786 2560 Dignitate
803 2515 879 2552 ,vel
893 2513 1106 2548 canonicatu
1119 2538 1129 2552 ,
1155 2513 1372 2559 participatio
1383 2521 1516 2547 retenta

47 2557 116 2593 fuit
133 2583 144 2597 ,
171 2561 201 2594 δι
221 2558 244 2593 fi
268 2561 391 2607 aliquis
453 2562 690 2600 manicatum,
718 2561 775 2595 vel
794 2560 1010 2606 Dignitatem
1033 2560 1207 2598 obtinuit,
1239 2570 1417 2606 antequam
1432 2568 1516 2594 tem-

49 2605 194 2655 poribus
217 2608 398 2654 unicuique
413 2607 541 2643 Ordini
560 2607 758 2651 praescriptis
776 2607 953 2642 servitium
974 2604 1098 2653 praestit
1115 2605 1174 2641 sset
1188 2632 1198 2645 ,
1221 2605 1516 2655 participationem

49 2653 180 2690 nullam
193 2651 382 2699 assequutus
405 2655 474 2697 est,
498 2655 559 2693 nili
583 2655 730 2703 perfeeto
754 2656 886 2702 integre
905 2680 915 2693 ‚
944 2655 975 2689 δι
999 2652 1156 2690 absoluto
1177 2656 1330 2700 gratuito
1356 2652 1516 2705 graduali

192 2704 386 2738 Tom.XVII.
904 2699 930 2737 B
1307 2700 1451 2738 servitio
1473 2711 1483 2740 ‚·
