1883 2907
357 94 466 166 {alix
477 127 537 174 jus
551 123 745 167 obtineat,
774 123 927 160 euiduae
954 125 1157 161 conformes
1186 123 1342 163 assistunt
1371 127 1595 177 SententIae{
1623 144 1689 173 nec
1707 137 1823 175 ullum

357 190 454 215 novae
471 175 729 222 appellationis
746 175 945 211 remedium
965 175 1210 215 succumbenti
1232 179 1442 226 suffragetur
1459 209 1469 219 .

409 229 477 263 His
492 227 570 263 sane
590 227 727 273 regulis
744 254 755 269 ‚
775 227 939 274 quamvis
956 229 1160 275 appellatio
1175 229 1315 267 sublata
1333 243 1402 267 non
1418 231 1482 277 fit,
1507 233 1590 272 satis
1605 245 1722 277 tamen
1741 252 1824 290 prae-

358 279 432 316 lidii
449 287 695 325 comparatum
710 279 775 316 else
791 278 1008 315 arbitramur
1024 278 1275 321 ecclesiastica:
1307 282 1506 331 disciplinae
1522 312 1533 329 ,
1565 299 1608 328 ac
1631 290 1730 329 ῑεξὶο
1760 306 1824 340 ge.

359 330 545 367 rendarum
562 341 677 366 rerum
692 329 808 366 ordini
825 355 834 365 .
861 329 982 366 Unum
1001 329 1156 377 superest
1171 358 1182 374 ,
1211 343 1252 370 ut
1290 335 1474 383 proposita
1504 337 1679 379 haetenus
1705 345 1825 383 media,

357 382 485 418 debitae
495 382 702 416 executioni
720 379 931 415 mandentur
946 393 957 424 3
995 379 1159 430 Eumque
1186 383 1220 420 in
1253 382 1399 433 scop'um
1427 387 1613 427 Locorum
1630 391 1822 434 Ordinarii

358 433 584 478 vigilantiam
598 431 691 466 suam
706 430 898 466 desiderari
915 442 985 467 non
1004 434 1194 479 patiantur
1208 462 1217 472 .
1237 433 1437 474 Ferendum
1455 442 1592 489 quippe
1621 456 1691 482 non
1707 447 1791 485 esset
1804 475 1816 493 ,

356 485 401 522 ad
417 482 522 520 nostri
538 480 775 529 Apostolatus
792 481 957 518 auditum
973 496 1084 522 novas
1100 486 1134 520 in
1148 485 1242 521 diem
1261 486 1390 524 deferri
1421 501 1493 538 que
1513 494 1605 532 telas
1619 523 1631 539 ‚
1659 510 1700 534 ac
1727 498 1822 539 sum-

355 534 540 572 movendis
558 532 722 569 abufibus
739 544 851 571 novas
868 534 1056 582 implorari
1072 538 1174 591 leges
1193 537 1238 574 ab
1254 539 1300 576 iis
1314 566 1326 584 ,
1354 542 1503 594 quijam
1521 545 1738 595 praestitutas
1756 563 1822 591 ne-

353 588 495 633 gligunt
508 611 518 627 ‚
538 583 572 619 &
589 593 821 622 contemnunt
837 612 848 628 ,

404 638 561 673 Demum
576 647 656 671 cum
674 648 743 671 non
761 648 841 674 raro
857 639 1048 686 contingat
1064 667 1076 686 ‚
1105 641 1284 680 Ecclefias
1302 644 1533 685 parochiales
1547 674 1558 691 ‚
1575 649 1820 700 Dignitates,'

355 688 602 724 canonicatus
624 714 634 727 ,
660 688 803 735 aliaque
831 688 1010 728 Beneficia
1033 719 1044 735 ‚
1075 704 1198 730 curam
1228 695 1427 732 animarum
1459 697 1624 741 habentia
1636 731 1647 747 ‚
1672 717 1691 741 a
1725 706 1819 745 Sede

355 737 572 785 Apostolica
588 738 654 776 effe
669 739 884 777 conferenda
899 756 910 786 ς
931 743 986 782 vel
1002 743 1088 792 quia
1106 748 1319 785 vacaverint
1335 748 1368 782 in
1385 749 1560 789 mensibus
1594 755 1809 800 reservatis,

359 791 414 826 vel
431 790 517 837 quia
532 801 574 824 ex
593 792 666 828 alio
685 792 805 838 capite
821 792 857 829 d.
875 793 959 829 Sedi
978 795 1166 834 reservatis
1183 824 1194 840 ,
1217 798 1272 835 vel
1291 799 1377 849 quia
1393 810 1436 834 ex
1452 802 1523 837 alio
1540 807 1658 853 capite
1673 809 1710 846 d.
1728 809 1817 845 Sedi

354 841 532 878 reservata
548 840 611 878 {int
627 856 636 879 :
654 841 738 884 Nos
758 843 1052 885 Praedecefforum
1070 846 1268 886 nostrorum
1287 848 1449 896 vestigiis
1467 853 1676 896 inhaerentes
1693 861 1816 907 praeci·

352 893 471 939 pimus
488 918 499 934 ‚
516 893 550 928 &
569 894 776 930 mandamus
791 921 802 937 ,
818 904 859 932 ut
875 907 947 932 uno
961 923 972 941 ,
991 897 1046 934 vel
1063 899 1176 937 altero
1190 902 1376 938 eveniente
1404 904 1484 942 casu
1501 933 1512 949 ‚
1545 910 1739 947 concursus
1764 911 1810 948 ab

349 941 529 991 Episcopo
545 947 612 986 fine
631 945 706 980 ullo
721 944 926 984 discrimine
941 949 1122 988 indicatur
1137 978 1148 994 ‚
1169 951 1267 988 nulla
1285 952 1328 988 ad
1348 953 1444 991 hunc
1460 957 1579 994 actum
1601 962 1718 1009 petita
1747 973 1809 998 ve-

347 996 402 1030 nia
417 1021 428 1037 ‚
445 996 498 1031 vel
513 996 663 1033 licentia
677 1022 688 1039 ‚
701 1008 810 1044 quam
829 997 958 1036 nostris
975 1001 1067 1036 hisce
1083 1002 1198 1041 literis
1216 1002 1276 1039 fibi
1297 1004 1468 1043 tributam
1486 1008 1656 1059 Episcopi
1683 1013 1811 1049 intelli-

343 1054 429 1089 gant
444 1072 454 1083 .
471 1047 651 1084 Absoluto
666 1048 840 1090 concursu
854 1076 865 1093 ‚
895 1050 919 1086 fi
936 1063 993 1091 res
1011 1051 1049 1088 lit
1063 1052 1107 1088 de
1129 1053 1319 1090 Beneficiis
1351 1058 1501 1096 Curatis
1519 1088 1529 1105 ,
1559 1073 1635 1110 quae
1663 1074 1808 1111 tantum

344 1100 484 1134 ratione
498 1099 659 1147 mensium
677 1100 868 1147 reservata
886 1100 966 1148 fint
979 1130 990 1146 ‚
1028 1103 1230 1154 Episcopus
1247 1107 1340 1144 inter
1357 1111 1584 1158 approbatos
1603 1116 1720 1162 eligat
1736 1127 1808 1151 ma—

349 1149 409 1195 gis
423 1148 585 1186 idoneum
600 1177 611 1193 ‚
629 1151 664 1191 .&
679 1150 844 1187 Datariae
859 1151 1035 1199 fignificet
1050 1182 1060 1198 ‚
1076 1167 1141 1195 nec
1155 1156 1236 1198 acta
1253 1161 1444 1198 concursus
1463 1164 1711 1208 transmittat,
1743 1165 1806 1203 nifi

344 1212 366 1235 a
382 1199 535 1236 Dataria
550 1228 561 1244 ‚
590 1214 670 1238 cum
687 1201 724 1238 id
738 1214 989 1250 opportunum
1004 1206 1148 1247 duxerit
1160 1235 1171 1252 ‚
1190 1221 1226 1247 re
1238 1210 1419 1256 mirantur
1437 1241 1445 1251 .
1463 1214 1527 1251 Sin
1545 1228 1632 1253 vero
1651 1217 1806 1255 d.Bene-

344 1249 437 1294 ficia‚
451 1253 585 1300 quibus
599 1265 684 1290 cura
698 1254 861 1291 imminet
880 1257 1075 1293 animarum
1092 1283 1103 1300 ‚
1134 1272 1179 1298 ex
1192 1261 1263 1296 alio
1275 1266 1401 1308 quovis
1417 1269 1539 1313 capite
1555 1294 1566 1311 ,
1598 1279 1701 1316 quam
1716 1280 1804 1305 men·

336 1301 426 1349 fium
440 1304 713 1355 Apostolicorum
727 1331 738 1348 ‚
767 1306 806 1345 S.
821 1306 905 1344 Sedi
934 1308 1113 1346 reservata
1127 1309 1191 1349 {int
1211 1325 1222 1357 ;
1254 1311 1310 1349 Eo
1338 1313 1417 1350 sane
1447 1317 1526 1353 casu
1542 1345 1553 1362 ‚
1585 1320 1697 1356 veteri
1727 1331 1800 1358 non

342 1354 531 1391 immutato
546 1369 645 1393 more
660 1383 671 1400 ,
687 1356 860 1401 abstineat
877 1359 1074 1408 Episcopus
1088 1374 1108 1400 a
1123 1362 1272 1407 ‚ferendo
1292 1363 1470 1418 Dignoris
1483 1369 1645 1416 judicto,
1665 1371 1700 1411 &
1723 1370 1805 1408 aaa

343 1406 532 1443 concursus
545 1408 640 1448 ultro
660 1408 823 1451 Datariae
838 1411 1008 1448 exhibeat
1023 1441 1032 1451 .
1482 1419 1487 1422 ’

394 1456 540 1495 Licebit
553 1468 670 1496 tamen
685 1460 894 1498 Ordinariis
910 1489 921 1508 ‚
935 1475 1000 1512 pro
1017 1463 1079 1500 suo
1098 1465 1250 1509 arbitrio
1265 1492 1276 1512 ‚
1291 1466 1535 1509 familiaribus
1556 1472 1672 1510 literis
1690 1474 1803 1511 Data-

342 1506 399 1543 rio
413 1506 554 1556 scriptis
568 1512 681 1554 eidem
696 1512 912 1554 denunciare
925 1514 1111 1563 personam
1125 1544 1136 1562 ‚
1153 1531 1262 1568 quam
1276 1520 1417 1556 censent
1448 1524 1614 1570 regenda:
1636 1524 1799 1562 Ecclefiae

339 1559 457 1605 magis
471 1561 634 1599 idoneam
650 1591 661 1607 ‚
690 1564 926 1615 eumdemque
939 1579 1167 1617 commonere
1181 1597 1193 1614 ‚
1211 1582 1254 1606 an
1270 1571 1416 1609 occulta
1433 1575 1556 1624 aliqua
1572 1603 1583 1620 ‚
1602 1577 1637 1613 8<
1651 1578 1686 1612 in
1701 1576 1795 1614 actis

337 1608 432 1658 juste
446 1614 587 1650 reticita
599 1614 704 1652 sublit
720 1616 827 1654 causa
844 1618 948 1671 ‚quae
962 1620 1122 1667 cuipiam
1156 1621 1275 1659 obstet
1295 1622 1340 1663 ad
1369 1624 1586 1668 Beneficium
1615 1628 1794 1666 Curatum

339 1661 573 1701 obtinendum
593 1693 603 1706 .
620 1665 706 1704 Nos
723 1666 786 1714 ipfi
797 1668 1025 1717 postmodum
1039 1673 1085 1708 ab
1102 1673 1169 1712 hac
1184 1673 1277 1710 Sede
1290 1676 1448 1713 omnium
1466 1678 1648 1727 Principe,
1668 1681 1704 1716 &
1721 1679 1800 1716 Ma-

339 1711 451 1758 gistra
466 1742 477 1758 ‚
493 1715 680 1755 luculento
692 1717 924 1760 edocebimus
940 1724 1109 1773 exemplo
1138 1726 1263 1774 quanti
1292 1726 1495 1770 faciendum
1523 1729 1564 1766 fit
1583 1730 1797 1782 Episcopale

340 1763 514 1810 judicium
531 1795 542 1812 ‚
557 1780 765 1819 quantoque
780 1785 844 1817 vos
864 1775 998 1810 honore
1013 1776 1273 1826 prosequamur
1286 1805 1298 1822 ‚
1319 1780 1409 1819 Ven.
1422 1779 1564 1822 fratres
1577 1809 1588 1826 ,
1607 1783 1640 1818 in
1658 1791 1796 1831 partem

340 1813 484 1852 Nostrae
498 1817 748 1861 sollicitudini>
762 1835 935 1863 evocatos
950 1853 962 1869 ,
979 1826 1115 1876 quibus
1129 1830 1273 1869 interim
1294 1830 1548 1879 Apostolicam
1575 1833 1796 1874 „benedictio-

342 1878 422 1901 nem
436 1879 659 1914 peramanter
669 1874 895 1921 impertimur
910 1904 920 1915 .
951 1877 1092 1915 Datum
1107 1880 1235 1917 Romae
1263 1884 1362 1931 apud
1390 1885 1429 1925 S.
1446 1886 1601 1927 Mariam
1617 1883 1795 1934 Majorem

337 1917 396 1958 die
415 1930 474 1971 14.
492 1919 586 1961 Dec.
608 1934 717 1975 ¹742·
730 1925 836 1968 Pont.
852 1927 984 1972 Nostri
1000 1933 1109 1970 Anno
1125 1932 1256 1970 Tettio
1270 1960 1283 1977 .

1715 2717 1789 2758 IN-
