1874 2961
16 196 39 211 ‚‚
64 174 135 200 tum
148 162 288 199 Nomii
316 173 381 213 nen
406 162 649 210 participantis
663 164 698 198 in
724 162 867 203 diebus,
892 165 924 199 ὰ
942 162 1168 200 functionibus
1184 165 1279 208 juxta
1303 164 1453 202 Decreta
1465 131 1526 202 8ἒῖ

11 242 38 258 ‚,
63 222 126 247 crae
143 210 431 256 Congregationis
446 210 593 247 Rituum
607 237 616 250 ,
640 212 672 246 &
698 210 850 256 amplius
866 229 900 236 --
923 210 974 246 sed
989 210 1023 245 in
1048 213 1209 255 Thefizuro
1224 214 1347 258 Resblt.
1363 219 1434 250 Suc.
1452 220 1524 249 Con-

53 270 154 307 greg.
173 259 250 293 Vol.
274 261 333 291 III.
349 258 522 294 invenitur
543 259 689 294 habitam
711 255 806 292 fuisse
832 257 1140 305 Congregationem
1153 263 1206 296 die
1226 268 1276 304 17.
1303 260 1474 297 Novemb.
1489 269 1524 294 at

59 318 96 342 in
117 305 216 340 iltius
245 308 517 352 congregationis
541 307 634 342 Folio
654 302 807 350 impresso
824 315 842 338 a
856 317 938 352 pag.
970 314 1047 350 225.
1065 309 1108 340 ad
1118 320 1200 354 pag.
1224 315 1300 358 235.
1318 307 1428 341 Causa
1450 308 1524 343 haee

58 353 219 400 Oppiden.
233 351 399 397 descripta
413 363 481 388 non
500 352 629 398 legitur
647 381 655 389 .
679 350 854 399 Qidquid
872 352 984 398 itaque
998 352 1114 388 haruin
1137 364 1248 388 rerum
1261 354 1298 386 lit
1314 379 1324 392 ,
1349 354 1524 400 Protopa-

53 410 96 444 pa
108 396 219 433 asserit
241 398 359 434 factam
374 397 433 434 fibi
459 398 553 435 fuisse
579 399 779 443 potestatem
801 400 878 439 jura
892 399 948 434 sua
966 401 1088 435 iterum
1117 400 1353 447 proponendi,
1380 400 1521 444 ideoque

55 445 223 492 perpensis
249 447 290 482 iis
306 470 316 484 ‚
338 457 412 492 quae
433 447 488 482 dat
509 448 545 482 in
569 447 688 483 libello
713 445 847 488 Jurium
872 474 881 487 ‚
904 457 981 481 nam
996 459 1013 480 a
1040 445 1231 483 Promotore
1258 446 1375 482 Fiscali
1407 446 1521 482 Curia:

55 492 264 577 {piscopaiis
285 493 483 540 Oppidensis
509 494 599 530 nihil
628 494 808 530 habuimus
832 519 843 534 .
866 494 1047 530 decernere
1071 503 1232 540 poterunt
1260 492 1519 529 Eininentiilimi

88 549 174 576 atres
198 563 211 576 .

13 585 41 624 l.
67 594 124 623 An
133 586 339 678 fitstasndum
352 613 363 627 ‚
378 591 438 626 vel
452 590 667 627 recedendum
680 593 700 622 a
718 587 842 630 Decifis
851 588 915 633 sub
929 589 983 626 die
996 599 1047 630 17.
1064 589 1277 627 ‘Novembris
1296 598 1394 637 ¹7²5·
1411 589 1520 634 quoad

201 647 222 669 u
240 647 294 670 um
319 642 504 673 Mozzcttae
523 659 535 671 .

14 682 59 719 II.
84 680 195 725 Anfit
213 681 368 722 standum
388 709 398 722 ‚
422 684 482 720 vel
497 684 710 720 recedendum
724 693 744 715 a
773 681 894 725 Decifis
914 708 924 723 ‚
941 683 1001 726 seu
1017 685 1136 730 potius
1154 682 1199 726 fit
1215 684 1307 719 locus
1328 685 1521 728 reintegra-

201 731 292 766 troni
313 731 420 766 Stalli
432 732 467 766 in
485 732 588 768 choro
608 733 808 766 commutati
820 732 997 774 cumssede
1015 733 1197 766 ceraminis
1210 732 1244 767 in
1264 732 1340 776 casu
1354 734 1428 768 &a

185 835 424 905 Reliquae
458 853 568 890 non
605 838 889 907 proposita:
909 876 922 887 .

110 962 717 1001 ONSTANTIEN.Can0nicatum
731 964 933 1013 Collegiatae
959 965 1107 1002 Ecciefiae
1120 967 1152 1001 S.
1181 965 1258 1000 Mai·
1282 964 1374 1000 eritae
1392 961 1519 999 Wald-
1556 964 1629 1011 seffi
1643 972 1779 1009 24.c.r.

10 967 95 1056 'C
121 1011 250 1047 kirchii
273 1011 534 1048 Constantienfis
546 1012 714 1048 Dioecesis
726 1013 880 1047 obtinuit
895 1012 1103 1049 Godesridus
1130 1010 1245 1058 stapff.
1284 1011 1440 1047 ‘rofeffor
1453 1019 1518 1056 pu·-
1553 1015 1592 1050 de
1607 1014 1678 1060 Ref-

58 1057 171 1094 blicus
183 1058 219 1093 in
232 1058 438 1096 Accademia
454 1060 610 1107 Friburgi
624 1059 804 1105 Brisgoviae
816 1085 826 1098 ‚
849 1060 952 1106 pastis
965 1086 975 1099 ‚
1000 1061 1032 1095 δι
1045 1059 1303 1097 conditionibus
1319 1056 1517 1106 quibusdam

57 1103 149 1140 inter
171 1117 249 1141 eum
262 1133 272 1147 ‚
296 1108 330 1142 8<
353 1106 550 1153 Capitulum
564 1107 599 1141 in
619 1107 690 1142 aCtu
704 1106 878 1142 electionis
895 1108 1076 1142 conventis
1092 1133 1102 1146 ,
1128 1107 1159 1142 &
1176 1105 1360 1153 priesertim
1375 1133 1385 1146 ‚
1409 1113 1446 1139 ut
1459 1112 1516 1155 pet

58 1151 241 1188 vicarium
255 1154 405 1200 priestare
419 1153 591 1189 servitium
606 1152 708 1200 posset
723 1152 878 1188 Ecclesiae
890 1179 901 1193 ,
925 1155 1073 1200 exceptis
1093 1153 1192 1189 Festis
1205 1153 1322 1188 diebus
1336 1152 1515 1201 solemnio-

59 1198 150 1234 ribus
165 1224 176 1238 ,
200 1201 320 1246 quibus
333 1213 388 1248 per
400 1200 431 1236 se
454 1200 561 1247 ipsum
573 1200 727 1235 interesse
752 1199 895 1235 deberet
907 1226 917 1239 ‚
941 1201 975 1236 8<
990 1201 1214 1237 consessiones
1234 1199 1401 1234 Fidelium
1413 1208 1514 1247 cxci·—

56 1256 132 1291 pere
160 1255 333 1284 teneretur
350 1273 360 1284 .
386 1247 462 1283 Post
483 1247 655 1294 quaesitum
683 1246 935 1282 Canonicatum
961 1248 1105 1290 dejectus
1126 1271 1137 1285 ,
1168 1245 1426 1292 deturbatusque
1450 1243 1514 1295 suit

57 1291 259 1330 Godefridus
276 1307 293 1330 e
307 1295 483 1331 Cathedra
497 1294 709 1331 Accademiae
723 1321 733 1334 ‚
758 1295 789 1328 ὃ(
807 1293 849 1328 ad
872 1305 945 1329 eam
961 1295 1175 1341 repetendam
1189 1293 1357 1328 Viennam
1373 1290 1515 1342 Austrix

56 1340 206 1386 perrexit
219 1367 229 1380 ‚
253 1351 292 1377 ut
306 1342 356 1384 ius
370 1369 379 1382 ,
405 1343 437 1377 &
451 1341 655 1378 honestatem
677 1341 768 1377 suam
792 1348 943 1376 tueretur
960 1369 968 1378 .
994 1343 1054 1376 Sed
1070 1342 1191 1389 pendet
1204 1341 1308 1374 adhuc
1322 1339 1391 1385 post
1412 1348 1517 1389 quin·

56 1388 239 1433 queunium
255 1389 294 1424 lis
319 1389 489 1425 haecinter
510 1400 588 1423 eum
605 1414 614 1429 ,
639 1390 670 1424 δι
696 1387 934 1423 Accademiam
958 1388 1130 1424 indefinita
1155 1387 1188 1422 in
1207 1386 1300 1422 Aula
1328 1384 1518 1431 lmperiali.

58 1435 155 1470 Hinc
167 1433 368 1480 Capitulum
385 1435 625 1471 Vvaldkirchii
653 1444 722 1470 tam
736 1435 920 1469 dnturnam
934 1433 1133 1482 indignatus
1146 1433 1326 1470 absentiam
1338 1458 1349 1472 ,
1373 1443 1444 1478 quae
1456 1427 1516 1480 etsi

57 1493 100 1517 ex
123 1480 209 1523 justa
231 1483 327 1518 causa
344 1483 519 1528 proueniat
531 1509 540 1524 ,
566 1494 631 1517 non
649 1480 803 1517 Ecclesie
818 1490 928 1516 tamen
945 1507 955 1521 ‚
981 1482 1033 1517 sed
1048 1492 1203 1530 proponae
1217 1479 1398 1515 utilitatem
1413 1476 1517 1530 respi-

56 1529 127 1564 ciat
141 1553 152 1568 ,
176 1529 348 1566 absentem
361 1529 574 1566 Canonicum
587 1532 626 1564 ad
641 1529 813 1566 servitium
829 1526 1041 1574 praestandum
1067 1527 1266 1564 revocavit.
1290 1524 1516 1575 Godesridus,

0 1603 4 1606 -
57 1587 134 1612 cum
147 1576 275 1612 causam
288 1576 434 1612 deserere
450 1588 558 1622 neque
574 1576 657 1612 utile
672 1603 681 1616 ,
707 1586 816 1621 neque
833 1574 890 1610 fibi
907 1574 1076 1611 honestum
1089 1583 1241 1622 putaret,
1267 1583 1377 1622 preces
1392 1570 1518 1620 obtulit

56 1622 282 1658 sacratissimo
299 1624 448 1668 Principi
466 1623 578 1659 nostro
592 1651 601 1664 ,
627 1623 746 1671 quibus
760 1633 831 1657 rem
853 1633 986 1656 omnem
1008 1624 1157 1658 narravit
1171 1649 1182 1662 ‚
1206 1620 1385 1666 postulavit
1399 1616 1519 1652 remis-

57 1668 183 1704 sionem
206 1670 389 1715 persenilis
406 1670 586 1706 residentis
604 1697 613 1710 ,
638 1673 715 1705 dum
740 1670 779 1705 lis
795 1667 985 1715 penderet,
1010 1681 1084 1705 cum
1100 1669 1278 1704 servitium
1304 1664 1454 1717 Ecclesia:
1475 1674 1520 1698 ex

60 1718 157 1760 paeto
172 1727 342 1754 convenio
359 1731 419 1765 per
449 1718 625 1753 vicarium
650 1715 859 1764 ptiust-aretur
878 1742 886 1753 ,
912 1728 986 1751 cum
1009 1725 1166 1763 ageretur
1186 1720 1225 1751 de
1250 1713 1391 1757 simplici
1408 1710 1517 1763 bene—

60 1761 141 1798 ficio
154 1789 165 1804 ,
192 1776 266 1799 cum
293 1765 364 1808 iure
389 1766 566 1801 Canonico
579 1764 657 1800 data
682 1763 720 1798 fit
745 1762 979 1798 Professoribus
999 1764 1191 1798 immunitas
1206 1773 1225 1796 a
1244 1759 1438 1811 Refidentla
1451 1784 1461 1797 ‚
1480 1757 1519 1809 ,ὅῑ

58 1822 118 1857 pro
133 1812 352 1855 praesentibus
371 1813 561 1849 habeantur
582 1840 590 1848 .
619 1812 710 1847 Data
726 1810 789 1846 suit
806 1809 940 1851 huiusce
956 1810 1188 1855 postulationis
1200 1806 1351 1857 cognitio
1371 1802 1520 1855 Amplis-

59 1858 148 1892 simis
161 1858 318 1894 Patribus
333 1887 341 1898 ‚
368 1859 552 1907 auditoque
580 1859 738 1906 Episcopo
754 1856 996 1892 constantiensi
1010 1883 1020 1896 ,
1046 1857 1102 1902 qui
1121 1866 1233 1892 errare
1250 1855 1335 1889 dixit
1356 1849 1520 1887 Godefri-

59 1904 137 1939 dum
159 1932 167 1945 ‚
192 1906 273 1941 dum
297 1906 432 1943 asservit
447 1907 695 1943 canonicatum
707 1903 771 1939 ess'e
784 1903 920 1950 simplex
935 1902 1139 1939 Beneficium
1154 1930 1164 1943 ,
1188 1896 1425 1952 cum-Ecclesia
1435 1897 1520 1932 Col-

61 1952 187 1999 legiata
202 1963 318 1988 curam
337 1955 458 1990 habeat
481 1954 667 1989 animarum
682 1952 846 1988 adnexam
861 1976 870 1989 ,
895 1950 1094 1996 censuitque
1117 1951 1282 1996 indulgeri
1306 1948 1414 1998 ‚eidem
1432 1943 1519 1991 posse

60 1998 220 2035 Gratiam
240 2000 279 2034 ad
303 2012 425 2036 annum
441 2027 451 2040 ,
475 2012 542 2048 quo
562 2000 674 2046 elapso
689 2026 699 2039 ,
724 1999 952 2035 revocandum
969 1996 1031 2034 esse
1058 1996 1220 2033 remediis
1243 1995 1330 2036 juris
1349 2018 1357 2028 .
1384 1992 1521 2048 respon-

63 2048 185 2082 derunt
212 2047 606 2084 EminentissimiPatres
620 2066 654 2073 -·
686 2053 756 2082 Pro
781 2047 902 2081 Gratia
925 2048 967 2080 ad
985 2058 1104 2080 annum
1120 2044 1242 2091 absque
1262 2042 1322 2089 spe
1338 2040 1519 2090 alteri-oris

63 2095 243 2130 dilationis
255 2111 290 2120 —-
303 2095 391 2130 Cum
405 2104 518 2131 autem
531 2094 609 2132 anni
625 2094 789 2129 terminus
806 2100 924 2138 urgeat
937 2114 945 2127 ,
969 2090 1172 2127 Godesridus
1188 2093 1252 2125 duo
1264 2114 1273 2127 ‚
1298 2098 1370 2132 quae
1387 2086 1519 2136 subiici-

63 2152 138 2176 mus
153 2167 163 2182 ,
187 2142 287 2177 dubia
309 2141 507 2188 disputanda
533 2141 708 2189 proposuit
724 2166 735 2180 ,
759 2151 831 2186 quae
848 2149 965 2175 contra
986 2151 1063 2175 eum
1087 2136 1221 2173 definiri
1247 2132 1388 2181 postulat
1410 2132 1518 2178 Capi-

64 2188 176 2224 tulum
194 2189 434 2225 Vvaldkirchii
449 2216 459 2230 ,
483 2191 563 2225 dato
577 2189 693 2224 libello
713 2214 723 2227 ,
748 2199 814 2235 quo
830 2186 948 2231 probat
968 2186 1154 2233 cogendum
1175 2183 1239 2220 esse
1256 2184 1294 2217 ad
1310 2178 1519 2227 persomlem

64 2234 276 2272 residentiam
289 2249 299 2275 ς
325 2248 386 2273 nec
400 2237 609 2284 excipiendae
633 2247 676 2272 ex
688 2235 752 2272 hoc
766 2233 887 2269 libello
902 2232 1052 2268 rationes
1067 2232 1136 2275 eius
1150 2232 1309 2267 videntur
1323 2254 1333 2268 ‚
1357 2238 1432 2263 cum
1445 2238 1521 2282 <131ae

65 2284 99 2318 in
118 2283 181 2319 hac
194 2283 338 2319 materia
353 2284 535 2321 residentiae
551 2283 696 2331 proponi
710 2281 842 2330 possunt
855 2306 866 2320 ,
888 2280 1042 2316 omnibus
1054 2277 1280 2326 cognitissima
1293 2274 1354 2310 sint
1367 2300 1377 2310 .
1403 2275 1436 2309 A
1449 2273 1522 2308 (ιο-

63 2330 189 2367 defrido
205 2331 356 2366 nondum
371 2332 523 2367 libellum
537 2332 665 2374 jurium
678 2329 856 2365 habuimus
870 2340 877 2361 :
904 2326 1021 2363 Dubia
1036 2339 1108 2375 quae
1123 2332 1350 2373 proponuntur
1363 2348 1374 2361 ,
1398 2321 1472 2355 sunt
1487 2347 1496 2356 .

23 2377 52 2413 1.
77 2384 136 2413 An
163 2380 345 2414 eanonicus
360 2380 476 2426 Stapff
491 2388 650 2416 teneatur
663 2379 705 2412 ad
722 2375 931 2425 personalem
947 2373 1154 2417 residentiam
1169 2398 1180 2413 ‚
1198 2374 1260 2417 seu
1269 2374 1389 2418 potius
1402 2368 1524 2404 valeat

207 2426 315 2461 alium
332 2426 539 2470 substituere
564 2428 598 2461 in
624 2425 700 2469 casu
727 2427 801 2460 &a

19 2470 66 2507 11.
91 2475 150 2508 An
173 2481 322 2519 tempore
335 2473 490 2517 absentiae
499 2475 716 2520 participare
742 2471 864 2506 valeat
876 2471 915 2506 de
935 2466 1086 2505 omnibus
1110 2463 1406 2520 distributionibus
1420 2486 1431 2500 2
1454 2469 1527 2518 teim-

209 2521 395 2558 ordinariis
409 2547 420 2562 ,
443 2532 547 2569 quam
561 2520 852 2557 extraordinariis
867 2543 878 2557 ,
899 2525 1004 2564 prout
1014 2517 1231 2563 participant
1243 2521 1355 2548 caeteri
1372 2515 1524 2545 Canonlu

114 2566 343 2613 intereffintes
359 2594 370 2608 ,
384 2570 445 2614 seu
463 2568 624 2615 quomode
638 2565 684 2609 fit
699 2566 946 2613 providendum
960 2566 996 2598 in
1018 2563 1094 2606 casu
1117 2566 1193 2598 &co

23 2659 118 2745 Α
131 2645 379 2702 ,ΗΧΙΜᾸΝΑ
407 2658 587 2715 ΙΕΒΙΡΙῼ
596 2653 804 2712 A'linNis
824 2656 1064 2711 ECCLESIAE
1081 2669 1091 2689 =
1126 2651 1354 2706 Latifundium
1377 2647 1528 2698 possidet
1561 2650 1634 2698 Seffi
1654 2658 1704 2683 21.
1717 2657 1743 2682 e.
1758 2655 1792 2689 4.

143 2709 222 2744 Pius
238 2709 415 2745 Puccettus
430 2721 464 2744 in
478 2708 677 2745 Territorio
696 2706 806 2742 Castri
823 2709 999 2753 Apignani
1013 2700 1178 2739 Dioecefis
1193 2702 1394 2738 Auximanae
1407 2725 1416 2738 ‚
1440 2695 1527 2742 quod
1560 2700 1598 2735 de
1624 2698 1694 2745 Ref-

69 2765 233 2803 perpetuo
257 2757 415 2794 incolunt
429 2756 541 2804 plures
559 2754 717 2794 Coloni·,
743 2753 833 2790 Cum
847 2764 931 2791 vero
953 2748 1050 2787 distet
1065 2761 1085 2785 a
1107 2748 1252 2790 Castro,
1276 2742 1528 2829 &flissffiflssm'

1470 2814 1481 2829 ⁸
