1874 2961
30 164 130 204 vm.
159 167 216 203 An
230 165 355 202 cretus
380 165 411 202 S.
431 167 579 206 Nicolai
601 170 722 207 saltem
746 179 888 208 vocatus
913 178 1071 206 teneatur
1086 170 1244 206 accedere
1269 172 1308 207 ad
1324 135 1506 208 Eeclefianf·

121 213 152 250 S.
170 214 289 250 Mariae
306 240 316 254 ‚
342 213 460 261 ibique
480 217 630 254 assistere
657 219 812 256 secundis
833 219 984 265 Vesperis
1015 217 1212 254 Dominicte
1228 245 1237 258 ,
1261 221 1291 254 ἂ
1311 219 1420 255 Mssa:
1445 225 1505 254 80-

124 262 228 296 lemni
255 260 349 314 seria:
375 263 530 300 secundm
556 266 791 307 pentecostes,
816 278 854 302 ac
873 267 979 302 etiam
1009 265 1129 313 primis
1145 266 1324 313 vesperis,
1348 270 1379 303 δι
1398 266 1507 302 Miffae

123 308 269 345 Solemm
289 309 542 356 Affumptioinis
560 313 595 348 R.
615 316 666 351 M.
683 315 723 349 V.
742 314 776 349 in
796 314 872 350 casu
887 315 948 350 &o

31 354 95 394 IX.
123 358 180 410 An
195 358 489 410 Archipresbyxer
506 388 515 401 ,
536 363 568 397 3<
588 362 714 398 Clerus
731 363 763 397 S.
779 362 902 398 Mariae
916 371 985 396 tam
1003 362 1037 396 in
1055 361 1189 409 Vigilia
1205 360 1416 396 Nativitatis
1431 361 1507 396 Do·

124 416 208 440 mlm
222 430 233 445 ³
258 416 358 451 quam
381 415 419 444 ιε]
437 408 590 444 Sabatho
618 410 752 452 majoris
771 409 997 445 hebdomadae
1026 418 1182 444 teneatur
1201 408 1357 457 praestare
1372 407 1506 442 Archi-

125 454 322 504 presbytero
343 456 381 490 S.
397 457 540 493 Nicolai
566 458 734 493 Candelas
761 457 992 503 longitudinis
1021 456 1216 502 palmorum
1255 457 1383 500 septem
1407 454 1508 490 Cera:

125 500 246 535 usualls
260 525 270 538 ‚
285 499 378 550 ‘buna
395 504 590 540 buccellata
611 505 702 550 panis
717 531 726 544 ‚
758 516 928 551 unamque
940 502 1115 538 Gallinam
1140 504 1176 539 in
1190 503 1267 539 casu
1281 504 1339 540 &e

32 547 82 584 X.
107 548 165 583 An
188 546 482 599 Arch‘.presbyter
504 552 539 587 S.
562 552 682 587 Manae
707 561 868 587 teneatur
895 551 1046 597 recipere
1069 551 1157 586 Olea
1176 551 1294 587 Sancta
1318 552 1359 585 ab
1376 548 1511 584 Archi—

124 596 334 645 presbytero
355 600 386 636 S.
404 600 545 635 Nicolai
561 627 571 640 ,
594 599 662 636 sive
677 600 789 646 potius
813 599 843 634 ei
871 600 1005 635 licitum
1030 598 1071 634 slt
1097 610 1136 634 ea
1156 598 1284 634 sumere
1303 598 1348 633 ab
1363 594 1510 632 Ecclefia

123 641 333 683 cathedrali
358 649 392 682 in
412 647 488 682 casu
503 648 565 681 διε.

33 691 96 729 Xl.
123 692 183 726 An
203 721 213 735 ,
236 694 269 728 &
296 694 349 731 cui
363 693 511 739 Ecclefie
530 703 702 739 competat
722 694 777 736 Jus
799 694 1031 740 antepulsandi
1053 694 1246 742 Campanas
1270 695 1306 728 in
1338 693 1396 729 die
1409 689 1512 726 Saba-

125 740 184 778 tbi
214 742 322 778 Sancti
335 769 344 782 ,
369 742 400 776 ἃ
427 751 590 787 quatenus
620 742 774 777 Eccleliae
805 742 912 776 Sancti
944 742 1083 777 Nicolai
1098 768 1108 782 ‚
1134 753 1175 776 an
1201 741 1330 776 constet
1364 740 1512 775 Clerum

127 789 166 825 ¹3.
176 789 294 825 Mariae
307 787 527 833 antepulsaffe
541 788 730 834 Campanas
743 801 834 825 anno
856 800 949 837 1744.
963 791 996 825 δι
1011 801 1053 825 an
1071 788 1228 825 inciderit
1244 788 1278 823 in
1291 798 1424 834 poenam
1436 786 1513 822 Du-

132 845 287 872 catorum
303 846 440 871 centum
459 837 493 870 in
507 833 586 871 casu
599 837 664 872 διε.

35 885 117 923 ΧΗ.
141 885 201 920 An
227 882 337 920 Clero
363 883 488 919 Sanoae
505 883 620 919 Maru:
648 884 749 918 liceat
770 884 897 920 habere
921 883 1096 932 proprium
1112 882 1405 919 Coneionatorem
1427 890 1512 917 tem-

131 944 216 981 pore
230 929 511 979 quadragefimali
528 935 561 964 in
579 931 716 977 propria
733 931 881 967 Ecclesia
897 959 907 972 ‚
932 931 990 966 seu
1003 931 1114 977 potius
1132 930 1339 965 adhibendus
1361 927 1401 962 stt
1425 941 1513 966 unus

130 982 290 1028 idemque
305 976 541 1014 Concionator
554 977 715 1013 distinctis
730 979 846 1014 diebus
863 980 898 1014 in
922 989 1065 1025 utraque
1082 977 1224 1013 Ecclesia
1240 978 1275 1012 in
1289 977 1367 1012 casu
1388 977 1451 1012 διε.

37 1028 143 1066 xm.
167 1032 228 1066 An
256 1025 455 1071 Presbyteri
479 1024 574 1059 Cleri
603 1026 638 1060 S.
654 1026 776 1060 Mariae
792 1036 974 1062 teneantur
999 1037 1076 1062 cum
1103 1020 1281 1062 aflistentia
1298 1023 1398 1070 ipsms
1416 1023 1512 1062 Cleri

133 1077 275 1125 primam
291 1073 420 1155 missam
437 1071 504 1108 sive
519 1073 636 1107 lectam
650 1097 661 1112 ,
685 1072 752 1107 five
772 1084 850 1109 cum
867 1074 980 1109 Cantu
1000 1072 1177 1108 celebrare
1195 1073 1230 1106 in
1244 1070 1387 1107 Ecclesia
1401 1071 1514 1107 &Ni-

134 1125 228 1161 colai
249 1124 280 1157 in
298 1134 335 1157 ca
355 1134 374 1155 u
388 1121 454 1156 διε.

36 1169 144 1208 XIV.
172 1174 256 1210 An,
282 1170 312 1204 &
342 1169 398 1203 sub
424 1179 488 1213 qua
515 1179 613 1213 poena
639 1167 881 1213 prohibendum
908 1168 949 1203 fit
978 1166 1287 1214 Archipresbytero
1313 1191 1323 1205 ‚
1347 1166 1381 1200 8<
1406 1165 1515 1200 Clero

135 1218 299 1255 S.Mariae
314 1216 353 1250 de
371 1217 548 1250 nominare
564 1226 735 1264 propriam
760 1215 941 1252 Ecclefiam
965 1217 1142 1252 matricem
1167 1225 1351 1258 ma10rem,
1376 1224 1414 1249 ac
1427 1212 1515 1248 Col-

133 1264 296 1313 legiatam
312 1262 475 1310 insignem
492 1261 528 1296 in
541 1265 621 1298 casu
635 1264 702 1298 &c.

135 1365 193 1402 Ad
214 1364 239 1401 1.
256 1363 460 1398 affirmative
482 1364 522 1397 ad
537 1361 681 1408 primam
698 1371 845 1406 partem:
872 1363 903 1397 8<
929 1362 1092 1408 negative
1107 1361 1146 1396 ad
1159 1360 1342 1396 secundam
1356 1384 1366 1394 .
1393 1357 1452 1394 Ad
1466 1359 1510 1396 11.

33 1414 70 1449 ὃ(
86 1412 153 1449 ΙΙΙ.
177 1413 331 1447 servetur
347 1409 508 1445 solitum.
532 1409 589 1445 Ad
606 1410 663 1443 lV.
687 1409 718 1443 &
738 1409 783 1444 V.
807 1409 986 1456 negative.
1015 1410 1073 1445 Ad
1091 1409 1148 1444 Vl.
1166 1407 1287 1443 Licere
1312 1407 1352 1442 de
1368 1405 1513 1443 licentia

34 1459 218 1506 Episcopi,
243 1459 276 1493 δι
301 1456 413 1502 quoad
430 1456 618 1491 distantiam
643 1456 739 1498 juxta
763 1457 918 1492 solitum.
944 1457 998 1493 Ad
1018 1457 1083 1491 Vll
1111 1454 1315 1491 affirmative
1331 1455 1369 1489 ad
1382 1462 1512 1491 utram-

34 1519 101 1553 que
119 1515 247 1552 partem
263 1532 272 1541 .
301 1504 356 1539 Ad
375 1502 471 1538 vm.
497 1503 704 1539 affirmative
720 1528 730 1540 ‚
756 1504 940 1539 dummodo
957 1504 1082 1539 Clerus
1097 1503 1128 1539 S.
1147 1501 1291 1538 Nicolai
1317 1501 1507 1539 invitetur.

36 1555 96 1589 Ad
113 1553 177 1589 lX.
204 1553 335 1588 lterum
362 1559 593 1596 proponatur.
622 1553 676 1587 Ad
703 1550 745 1586 X.
770 1553 932 1586 Servetur
959 1551 1121 1586 solitum.
1152 1550 1210 1585 Ad
1228 1549 1506 1595 Xl.Competere

36 1601 191 1638 Ecclefiae
208 1600 247 1638 S.
262 1597 424 1638 Nicolai,
449 1597 482 1632 8<
510 1598 628 1633 horam
643 1597 871 1645 designandam
890 1597 955 1632 esse
978 1599 1017 1633 ab
1034 1598 1197 1644 Episcopo
1215 1624 1224 1637 ,
1250 1598 1281 1631 δι
1308 1597 1342 1630 in
1366 1597 1508 1644 reliquis

35 1648 223 1695 negative.
250 1648 308 1683 Ad
327 1644 409 1680 ΧΗ.
437 1643 641 1698 affirmative
669 1647 709 1680 de
735 1647 875 1681 licentia
893 1643 1044 1698 Episcopi
1065 1671 1077 1686 ‚
1100 1644 1284 1680 dummodo
1307 1641 1508 1696 stipendium

39 1692 627 1790 {311³ssssss{batEbcncrlegiZgi-sclgssriae
644 1718 654 1728 .
681 1693 742 1730 Ad
764 1692 864 1729 Xlll.
889 1702 1074 1739 negative.
1099 1692 1156 1728 Ad
1173 1690 1275 1728 xlv.
1303 1690 1507 1728 affirmative

121 1878 300 1916 LOCEN.
324 1879 686 1918 SEPARATIONIS
711 1880 874 1917 THORI
899 1895 906 1915 :
945 1880 1123 1928 Postquam
1146 1879 1293 1916 Barbara
1317 1878 1509 1926 Szymano·

88 1940 90 1942 ·
133 1927 256 1964 vuskia
270 1926 305 1962 in
320 1926 598 1974 Congregatione
613 1927 728 1962 habita
743 1931 795 1964 die
808 1940 841 1974 ς.
854 1935 945 1975 Apr.
971 1931 1051 1965 anni
1066 1930 1260 1977 fitperioris
1280 1927 1367 1962 vista
1383 1926 1448 1961 fuit
1473 1927 1509 1962 in

82 1973 215 2015 dubio,
241 1977 331 2021 quod
355 1977 435 2011 tunc
452 1977 732 2022 proponebatur-
758 1981 817 2012 An
838 1975 884 2018 fit
910 1977 1005 2012 locus
1035 1975 1243 2023 diffblutioni
1266 1977 1509 2010 Matrimonii.

83 2019 162 2055 Res
182 2022 357 2057 onderunt
370 2023 462 2057 enim
477 2022 683 2067 Ampliffimi
699 2022 815 2058 Patres
833 2040 853 2047 —
882 2025 1064 2070 ‘Negative
1079 2049 1089 2062 ,
1111 2027 1155 2061 ὠ·
1181 2023 1329 2069 amplius
1344 2047 1354 2059 .
1378 2029 1415 2055 ut
1430 2032 1509 2056 om-

82 2067 137 2102 nis
151 2033 271 2103 gausae
285 2068 413 2114 species
428 2070 587 2124 cognosci
601 2069 706 2115 potest
719 2082 761 2105 ex
777 2070 857 2106 Vol.
871 2074 944 2104 XII.
958 2070 1118 2114 Thesaur.
1133 2069 1241 2116 Resbl.
1259 2074 1334 2103 Sac.
1352 2074 1509 2116 congreg.

75 2123 157 2162 pag.
172 2124 252 2161 214·
269 2115 301 2150 ἂ
326 2126 370 2150 ex
395 2116 471 2151 Vol.
486 2121 576 2153 XIII.
599 2118 741 2162 ejusdem
763 2118 922 2160 Thesaur.
939 2125 1023 2164 pag.
1042 2128 1070 2151 1.
1086 2117 1174 2160 folio
1202 2117 1273 2151 dt'ei
1289 2125 1320 2160 3.
1343 2118 1509 2163 Aprilis,

81 2172 209 2197 novam
226 2173 316 2197 nunc
330 2173 476 2208 pugnam
490 2161 651 2198 instaurat
674 2175 750 2198 cum
774 2162 940 2198 imbecilli
961 2163 1049 2198 Viro
1067 2163 1202 2198 Adamo
1217 2162 1404 2198 Szamokio
1416 2188 1427 2202 ,
1452 2173 1510 2208 pe·-

83 2208 196 2255 titque
210 2208 328 2244 Thori
345 2209 594 2255 separationem
609 2235 617 2243 .
645 2210 753 2245 Ratio
775 2209 1013 2256 postulationis
1040 2210 1140 2251 hujus
1161 2210 1207 2245 est
1231 2208 1264 2243 in
1291 2207 1425 2245 defectu
1450 2210 1509 2246 ha-

81 2255 137 2291 stae
153 2255 270 2291 virilis
285 2283 294 2295 ,
319 2267 419 2302 quam
435 2257 503 2291 Vir
517 2257 637 2291 misere
649 2256 756 2291 amisit
769 2284 779 2297 ‚
805 2260 834 2292 ἁ
860 2257 905 2292 de
927 2258 1023 2299 cujus
1038 2256 1208 2293 amiffione
1233 2255 1328 2291 nulla
1348 2255 1393 2291 est
1406 2257 1503 2292 dubi-

81 2303 169 2338 tatio
185 2315 236 2356 ¹e>g
261 2302 464 2355 nitidiffimis
489 2304 746 2348 probationibus
770 2331 781 2344 ‚
806 2315 886 2350 quas
908 2304 1062 2359 Barbara
1092 2304 1185 2339 dedit
1209 2304 1243 2339 in
1263 2302 1327 2339 illo
1351 2303 1506 2356 ludi-ciet

81 2350 1092 2446 3¹35}¹5:322{55233‘3‘1'32‘51253632‘3‘231223‘552232553
1109 2350 1509 2438 {ffvssl’ffilff‘ssz‘zglsss

46 2447 51 2478 Ξ
81 2444 230 2490 poflint,
256 2456 328 2490 quae
357 2444 425 2479 fuit
450 2445 714 2489 jurisprudentia
734 2448 954 2492 Ricciardell.
978 2450 1012 2482 in
1041 2453 1145 2491 Lyceo
1173 2443 1356 2486 Ecclefiast.
1379 2453 1508 2481 tom-2.

83 2499 159 2537 cap.
178 2501 228 2537 17.
242 2493 272 2534 §.
292 2503 323 2526 1.
345 2505 379 2527 n.
392 2491 450 2537 58.
465 2499 516 2527 Ex
535 2494 678 2528 Zacchia
693 2493 802 2539 quaest.
817 2496 949 2529 Medico
965 2494 1082 2540 Legal.
1110 2503 1192 2527 tom.
1212 2501 1243 2526 2.
1268 2490 1377 2536 lib-9.
1402 2492 1461 2527 lit.
1477 2502 1508 2532 3.

83 2537 194 2585 quaest.
212 2548 242 2573 r.
255 2539 407 2574 Videant
422 2539 537 2585 itaque
553 2539 667 2574 Patres
683 2539 889 2585 Amplifl'tmi
902 2566 912 2580 ‚
937 2550 980 2574 an
996 2539 1151 2585 legitima
1180 2538 1252 2573 haec
1268 2538 1366 2576 causa
1390 2536 1430 2573 stt
1452 2539 1507 2575 se-

83 2585 224 2631 parandi
238 2585 364 2621 fortem
384 2585 568 2621 Faeminam
592 2587 635 2620 ab
648 2586 784 2621 imbelli
800 2586 894 2622 Viro
909 2611 920 2626 ,
944 2586 1200 2632 decernantque
1216 2610 1224 2621 .

33 2640 97 2669 ⁶An
115 2632 162 2676 fit
184 2633 279 2667 locus
298 2634 513 2681 separationi
538 2635 639 2669 Thori
664 2637 701 2668 in
725 2635 800 2678 casu
815 2639 890 2672 (φτ.

133 2726 219 2760 Non
243 2724 406 2773 proposita
433 2738 513 2763 cum
536 2728 757 2774 sequentibus
772 2756 780 2764 .

125 2778 291 2822 Tom.2(V·
949 2775 983 2810 Α
1007 2784 1028 2810 2
1424 2771 1508 2808 Ro·

1550 1908 1615 1950 Seffi
1631 1920 1679 1949 ²4·
1701 1921 1758 1947 ea.

1552 1949 1654 1991 altef-
1661 1954 1757 1985 Matr.
