1946 2961
81 160 308 206 sess.2s.c.19.
380 117 568 191 §imeri
594 145 758 184 MARCI
785 140 1171 181 RESTITUTIONJS
1199 139 1251 177 iu
1280 139 1543 177 lNi'EGRUM
1569 154 1578 175 ε
1618 140 1769 178 Postuiat
1795 143 1866 180 in„

78 214 116 246 de
130 208 197 253 Res,
423 203 588 243 integrum
602 194 728 230 restitui
743 194 777 227 P.
792 190 1039 228 Constantinus
1054 201 1073 224 a
1086 190 1203 225 Sancto
1217 188 1334 224 Felice
1352 187 1497 223 Ordinis
1514 188 1719 226 S.Francisci
1746 189 1864 225 Mino-

391 259 464 283 rum
477 242 743 279 Observandum
764 239 1046 275 Reformatorum
1059 262 1069 275 ,
1092 237 1152 282 qui
1180 237 1214 271 in
1234 236 1366 271 Saeculo
1392 236 1649 279 nuncupabatur
1665 236 1864 273 Franciscus

392 293 565 329 Xavcrius
588 289 744 327 Palermo
764 295 864 322 natus
893 286 929 321 in
966 284 1105 330 Oppido
1129 284 1159 320 S.
1188 283 1312 318 felicis
1338 308 1349 322 ‚
1386 282 1545 318 adversus
1582 283 1825 319 Professionem
1847 312 1859 326 ,

388 352 490 386 quam
528 337 636 374 emisit
676 336 710 370 in
755 334 886 369 Ordine
920 358 933 368 .
970 332 1091 367 Preces
1127 331 1194 376 ipse
1234 330 1368 365 obtulit
1408 330 1614 365 sanctissimo
1652 331 1808 379 Principi
1841 358 1855 372 ‚

390 391 421 424 &
436 398 513 422 cum
527 384 668 421 facultas
683 385 742 418 hac
755 382 795 417 de
810 393 846 415 re
860 391 923 425 cog
931 377 1182 413 noscendidata
1198 375 1309 412 fuisset
1321 378 1424 412 Sacro
1440 377 1515 412 liuic
1530 377 1717 413 Tribunali
1740 405 1750 418 ‚
1764 390 1864 414 mari·

388 438 466 471 data
477 433 522 468 ab
534 430 812 467 Eminentiilimis
827 428 988 462 Patribus
997 425 1063 459 fuit
1077 423 1270 465 jurisdictio
1283 423 1448 471 Episcopo
1459 424 1494 458 S.
1509 424 1617 460 Marci
1634 452 1644 465 ‚
1662 435 1699 460 ut
1712 425 1865 466 Judicia-

388 483 429 518 lis
443 481 539 517 fieret
552 477 724 514 Proccffiis
738 503 747 516 ‚
772 474 966 509 audirentur
979 470 1132 507 Prtefeui
1148 469 1357 506 Monasterio
1371 497 1381 510 ‚
1407 471 1439 505 &
1455 470 1654 508 sententiam
1668 473 1736 517 ipse
1754 472 1862 510 animi

389 530 440 565 sui
457 527 596 563 referret
611 551 618 558 .
651 523 829 558 Profectus
844 519 1054 555 Monasterio
1065 519 1254 554 declaravit
1280 516 1319 552 P.
1337 517 1603 554 Constantinum
1628 520 1714 554 reste
1741 529 1861 564 petere

387 576 631 613 restitutionem
648 570 680 604 in
695 571 865 615 integrum
882 581 892 600 ε
918 569 1051 610 Septem
1064 565 1183 601 Testes
1208 565 1394 601 examinati
1419 563 1554 600 fuerunt
1572 579 1582 599 ε
1604 566 1783 612 Episcopus
1809 567 1865 603 se-

389 623 535 659 cundum
550 622 584 656 P.
601 617 867 653 Constantinum
880 613 1052 660 respondit
1067 641 1074 648 .
1099 613 1191 648 Cum
1203 624 1286 648 vero
1310 613 1398 647 idem
1412 612 1448 647 P.
1463 611 1709 648 Constantinus
1736 613 1864 650 sumnia.

389 671 522 705 laboret
537 665 679 713 egestate
697 691 708 704 ,
730 674 768 699 ut
783 662 981 708 iinpoilibile
996 662 1028 697 ei
1051 659 1092 695 sit
1103 662 1219 696 omnia
1232 687 1242 701 ,
1269 671 1341 707 quae
1358 662 1394 694 in
1410 659 1564 695 Processu
1580 660 1657 696 sunt
1681 661 1716 696 in
1740 660 1796 696 suo
1809 662 1858 697 li-

390 718 481 753 bello
494 718 625 757 Jurium
641 710 816 758 complecti
828 735 839 748 ,
863 711 895 744 ὅ(
908 708 1116 751 amplissimis
1126 709 1282 744 Patribus
1294 707 1461 743 exhibere
1474 733 1487 747 ‚
1511 709 1642 753 rogavit
1656 719 1718 743 nos
1733 734 1744 747 ,
1768 717 1807 743 ut
1819 710 1863 744 de

390 763 650 810 probationibus
669 786 677 798 ,
703 772 775 804 qux
799 757 833 792 in
851 754 1004 792 Processu
1028 755 1103 790 sunt
1118 782 1128 795 ‚
1157 755 1290 790 eosdem
1319 756 1479 790 certiores
1503 755 1720 791 redderemus
1735 783 1742 791 .
1770 755 1867 791 Hinc

389 822 449 845 nus
463 810 655 845 invenimus
668 807 706 842 Ρ.
720 803 983 841 Constantinum
998 803 1238 838 Profeflionem
1252 800 1392 837 emiliffe
1404 827 1414 841 ‚
1440 813 1518 836 cum
1537 801 1663 838 abesset
1688 801 1795 838 adhuc
1820 803 1868 838 ab

388 866 489 893 aetate
517 867 682 891 annorum
709 853 880 888 sexdecim
894 861 958 898 per
975 849 1274 886 mensesundecitn
1291 876 1299 889 ,
1329 850 1360 884 &
1376 849 1466 895 quod
1485 850 1658 888 excurrit3
1682 860 1762 884 nam
1790 848 1863 902 ipse

389 913 503 939 ortum
517 904 637 942 duxit,
663 910 702 936 ut
716 899 844 936 constat
857 910 898 934 ex
911 897 978 933 fide
991 897 1202 943 Baptismaiis
1216 910 1299 933 anno
1313 905 1352 941 i7
1362 908 1410 931 ιο.
1423 898 1476 934 die
1489 907 1541 937 25-
1558 896 1644 938 Maii
1659 911 1669 930 ι
1683 896 1862 932 Proseflio-

388 963 464 986 nem
479 950 588 986 emisit
604 963 686 984 anno
706 957 799 992 1715.
824 944 878 982 die
908 955 959 991 27.
978 944 1117 989 ejusdem
1133 943 1252 986 Mensis
1277 942 1385 984 Maijz
1414 943 1545 979 Invitus
1573 942 1722 991 perstitit
1737 944 1772 978 in
1787 942 1870 981 N0-.

393 999 543 1034 vitiatur
584 1008 641 1042 per
676 1005 799 1031 annum
827 1019 837 1032 ,
877 989 1011 1027 Menses
1042 1001 1106 1027 tres
1131 1018 1141 1031 ,
1176 993 1207 1026 ὅ(
1232 988 1288 1025 die
1328 1000 1383 1025 21.
1426 991 1589 1032 laborans
1624 989 1753 1034 semper
1788 1001 1870 1037 gra.

389 1045 426 1082 vi
455 1073 463 1085 ‚
489 1044 696 1090 molestoque
722 1040 847 1076 scabiei
883 1041 998 1075 morbo
1014 1065 1025 1080 ‚
1049 1051 1119 1085 quo
1140 1038 1336 1085 adigebatur
1359 1049 1401 1074 ex
1431 1037 1570 1074 consilio
1603 1037 1736 1074 Medici
1759 1036 1866 1073 lineis

394 1093 515 1139 pannis
532 1091 607 1130 uti,
630 1103 672 1125 ne
686 1089 810 1135 asperae
823 1087 926 1124 vestis
950 1087 1127 1122 attritione
1153 1084 1415 1121 excoriaretur.
1443 1088 1518 1121 Hoc
1545 1095 1696 1131 tempore
1721 1082 1860 1130 elapso,

391 1142 470 1175 hinc
482 1139 582 1174 minis
595 1163 605 1176 ,
629 1139 662 1172 &
679 1136 866 1171 terroribus
881 1160 895 1173 ‚
915 1134 994 1169 inde
1009 1133 1241 1168 delinimentis
1254 1159 1264 1172 ‚
1279 1141 1381 1178 atque
1394 1132 1600 1169 munusculis
1615 1130 1837 1168 alliciebatur
1853 1157 1867 1173 ,

390 1197 428 1222 ut
442 1190 578 1222 duraret
591 1209 602 1223 ‚
622 1184 855 1230 desineretque
872 1181 977 1217 vestes
990 1180 1064 1216 suas
1077 1189 1230 1226 repetere
1243 1206 1253 1219 ,
1279 1179 1311 1214 δι
1336 1189 1418 1216 vota
1445 1180 1609 1215 s0¹emnia
1627 1188 1840 1224 nuncuparet
1855 1191 1867 1214 =

387 1234 522 1275 consilii
538 1260 548 1272 ‚
573 1241 672 1278 atque
685 1230 807 1266 auxilii
825 1229 922 1274 inops
935 1228 1180 1264 professionem
1193 1225 1305 1262 emisit
1319 1253 1329 1264 .
1357 1227 1518 1273 Agnovit
1533 1224 1604 1273 ipse
1617 1253 1628 1267 ,
1653 1225 1860 1273 agnovitque

389 1281 461 1326 post
484 1291 560 1314 eam
578 1277 726 1314 emiss'am
739 1275 916 1311 Praefectus
940 1274 1150 1310 Monasterio
1173 1273 1369 1309 nullitatem
1393 1273 1607 1309 Professionis
1622 1299 1631 1312 ,
1661 1271 1864 1319 curavitque

389 1328 506 1372 saepius
519 1353 528 1366 ‚
558 1335 596 1360 ut
608 1335 680 1359 eam
695 1333 801 1358 ratam
816 1323 960 1357 haberet
974 1349 983 1360 ,
1011 1322 1064 1357 sed
1080 1320 1196 1357 frustra
1214 1348 1221 1359 ,
1244 1332 1322 1356 narn
1346 1321 1513 1357 recusavit
1532 1319 1568 1356 Ρ.
1593 1317 1839 1356 Constantinus
1853 1346 1866 1361 ‚

390 1372 662 1412 reclamavitque
674 1369 819 1405 firmiter
840 1380 1036 1415 permanens
1059 1370 1092 1404 in
1108 1367 1278 1415 proposito
1292 1367 1487 1414 egrediendi
1502 1394 1512 1408 ‚
1545 1378 1622 1403 cum
1637 1368 1784 1414 primum
1803 1368 1868 1402 da-

393 1430 489 1457 retur
504 1418 632 1454 occasio
647 1444 656 1454 .
684 1419 733 1453 Ut
749 1418 835 1452 hanc
849 1417 1000 1452 hominis
1012 1415 1232 1451 constantiam
1259 1415 1440 1450 vincerent
1465 1414 1615 1450 Praefecti
1629 1440 1639 1454 ,
1665 1412 1868 1450 obtulerunt

393 1471 510 1515 gradus
524 1493 533 1506 ‚
559 1476 695 1501 munera
712 1491 721 1505 ‚
746 1466 777 1498 ὅ(
795 1463 981 1510 dignitates
995 1465 1030 1498 in
1042 1463 1173 1498 Ordine
1189 1474 1201 1500 ;
1224 1471 1265 1497 ut
1280 1462 1413 1497 molina
1426 1462 1539 1496 omnia
1555 1462 1590 1495 in
1603 1459 1738 1496 irritum
1760 1460 1866 1497 cess'e-

394 1524 473 1551 runt
493 1541 502 1554 ,
529 1522 724 1548 recurrente
742 1512 777 1548 P.
800 1510 1028 1546 Constantino
1043 1537 1053 1550 ,
1074 1510 1133 1556 qui
1151 1511 1256 1545 etiam
1270 1536 1280 1550 ,
1300 1520 1343 1544 ne
1359 1520 1426 1556 qua
1438 1509 1541 1543 tacita
1555 1506 1669 1542 induci
1682 1508 1787 1552 posset
1798 1519 1866 1544 ra*

393 1560 555 1597 tihabitio
569 1585 580 1598 ‚
602 1558 761 1594 abstinuit
775 1570 792 1592 a
804 1557 1021 1603 suscipiendis
1034 1557 1218 1592 Ordinibus
1231 1567 1291 1601 per
1302 1568 1417 1591 manus
1431 1555 1589 1599 Episcopi
1603 1553 1803 1591 Dioecesani
1818 1566 1861 1590 ea

394 1613 434 1645 de
448 1608 542 1644 causa
554 1634 565 1647 ‚
586 1608 672 1653 quod
685 1605 923 1651 exposc'eretur
940 1604 1141 1639 ratihabitio
1152 1603 1362 1649 professionis
1374 1630 1383 1641 .
1406 1603 1528 1650 eosque
1544 1602 1665 1638 Romae
1688 1599 1839 1647 suscepit
1855 1626 1871 1638 .

394 1657 532 1691 Centies
548 1656 652 1690 animi
665 1654 713 1689 sui
738 1652 939 1688 sententiam
953 1650 1132 1698 Religioso
1145 1651 1246 1686 statui
1263 1658 1508 1697 repugnantem
1521 1675 1532 1689 ‚
1543 1649 1762 1695 aversamque
1778 1660 1867 1696 ape-

395 1705 486 1742 ruit,
510 1701 709 1748 protestatus
723 1701 787 1736 fuit
804 1728 812 1739 ‚
840 1701 871 1735 &
886 1700 1080 1734 reclamavit
1093 1697 1398 1740 extraiudicialiter
1412 1725 1420 1732 .
1437 1697 1584 1738 jactatus
1596 1707 1652 1743 pei·
1662 1706 1767 1733 annos
1780 1696 1868 1732 duo-

396 1751 504 1786 decim
516 1751 650 1784 tandem
667 1748 710 1783 ad
723 1747 868 1794 Asylum
881 1747 1094 1781 Sacratissimi
1111 1744 1278 1792 Principis
1291 1772 1302 1785 ,
1326 1745 1360 1781 &
1371 1745 1462 1781 Sacri
1476 1742 1659 1781 Tribunali
1668 1755 1683 1781 s
1693 1742 1867 1792 confugit,

396 1798 609 1844 postulatque
623 1807 715 1830 nunc
726 1796 771 1830 ab
784 1795 876 1829 Emis
892 1794 1046 1829 Patribus
1063 1819 1074 1832 ,
1086 1803 1124 1828 ut
1135 1791 1300 1828 definiant
1315 1817 1326 1828 .

351 1846 465 1888 „Anfir
476 1847 568 1882 locus
582 1843 798 1889 restitutioni
813 1845 849 1879 in
863 1847 1034 1889 Integrum
1049 1843 1084 1877 iu
1098 1841 1172 1886 casu
1189 1844 1264 1878 &c-

519 1942 857 1996 Affirmative
890 1979 903 1992 .

89 2074 162 2120 88η·-
175 2066 273 2113 25-'15-
285 2066 318 2102 3,
459 2057 685 2094 RIMINEN.
704 2071 713 2090 :
739 2056 866 2092 IndiCta
892 2057 931 2092 ab
945 2055 1110 2101 Episcopo
1125 2053 1327 2091 Ariminenss
1342 2051 1552 2088 Vifitatione
1567 2050 1777 2088 Monasterio
1795 2075 1806 2091 ‚
1827 2054 1864 2091 δε

88 2115 250 2167 defles-072
273 2117 317 2150 (φ’
472 2107 682 2142 Monialibus
695 2105 727 2139 S.
741 2103 927 2140 Sebastiani
940 2103 1105 2139 Civitatis
1120 2102 1267 2138 Arimini
1282 2102 1478 2137 viventibus
1493 2099 1647 2135 instituto
1663 2099 1865 2137 Canonico·

88 2167 202 2215 c.5'.de
217 2170 295 2210 Reg,
397 2164 470 2188 rum
492 2152 718 2200 Regulariuin
745 2150 1015 2186 Lateranensium
1029 2179 1039 2192 ,
1064 2148 1290 2186 controversia
1315 2159 1390 2183 orta
1404 2147 1450 2183 est
1472 2148 1562 2182 inter
1582 2146 1775 2192 Episcopum
1790 2173 1800 2188 ,
1823 2149 1860 2184 &

398 2199 575 2235 Abbaiem
599 2211 636 2233 ac
661 2199 859 2235 canonicos
873 2198 1058 2244 Regulares
1088 2197 1288 2233 Monasterii
1302 2197 1334 2231 S.
1350 2194 1492 2230 Martini
1514 2194 1659 2238 ciusdem
1669 2193 1833 2231 Civitatis
1849 2207 1862 2228 a

397 2249 519 2283 Omnis
532 2255 641 2281 autem
656 2246 753 2287 huius
768 2244 1001 2282 controversiae
1011 2247 1136 2292 Capita
1148 2254 1289 2281 numero
1303 2243 1407 2279 Xlll.
1431 2243 1487 2277 hic
1509 2241 1702 2283 subijcinius
1713 2266 1725 2281 ,
1745 2251 1785 2279 ut
1811 2241 1854 2278 ab

398 2296 486 2330 Emis
501 2294 653 2328 Patribus
671 2292 876 2329 deliniantur
891 2317 901 2328 .
1696 2331 1701 2334 ,

352 2345 380 2383 1,
410 2344 473 2379 An
494 2342 682 2391 Episcopus
699 2342 906 2378 Ariminen.
921 2340 1139 2388 visitaturus
1167 2342 1362 2391 clausuram
1379 2338 1470 2376 RR.
1490 2337 1710 2374 Martialium
1725 2335 1858 2375 Mami-

548 2389 1718 2442 sterijS.SebastinniCivitacisAriminiCanonicisRegularibus
1729 2389 1864 2435 subje-

557 2446 603 2480 ft'i
616 2445 715 2493 poffit
729 2447 828 2492 ipsus
845 2456 960 2489 cogere
972 2446 1246 2493 adsubeundum
1266 2440 1590 2486 onus-Vtsttationis
1600 2441 1802 2488 personalis
1814 2441 1864 2477 ad

557 2508 672 2533 crates
695 2496 911 2542 collocutoris
923 2502 1015 2535 circa
1028 2507 1159 2542 ea‚quae
1166 2497 1358 2544 pertinent
1379 2494 1425 2530 ad
1438 2492 1633 2539 clausuram
1645 2495 1686 2528 in
1698 2493 1864 2540 castc&c.

352 2550 399 2587 11.
430 2548 493 2585 An
513 2548 705 2596 Ep1scopas
724 2553 763 2585 in
780 2550 1062 2585 concernentibus
1077 2543 1450 2596 clausuraesscustodiam
1457 2544 1557 2593 poffit
1571 2541 1720 2588 visitare
1735 2545 1864 2580 nedum

555 2610 671 2635 crates
684 2627 695 2643 ‚
725 2603 762 2642 εἰς
780 2602 902 2635 maenia
919 2603 1100 2637 eit-teriora
1114 2597 1328 2646 Monasterii
1343 2596 1584 2646 praedifiarum
1615 2594 1832 2631 Monialium
1848 2617 1862 2635 .

544 2651 613 2698 sed
630 2655 738 2688 etiam
755 2652 906 2688 chorum
917 2654 1126 2688 interiorem
1140 2677 1152 2693 ‚
1177 2651 1400 2687 Dormitoria
1413 2672 1425 2688 ‚
1457 2645 1583 2682 Cellas
1600 2657 1712 2682 omnes
1723 2646 1868 2693 inferio·

554 2714 609 2738 res
624 2728 634 2744 ‚
652 2701 899 2750 &superiores
915 2727 926 2742 ‚
957 2704 1101 2749 aliaque
1118 2703 1207 2738 Loca
1220 2703 1258 2735 in
1271 2701 1353 2747 casu
1370 2700 1440 2739 &aa

353 2754 420 2802 ,1¹1-
452 2753 513 2790 An
530 2778 541 2796 ‚
571 2754 608 2795 ἐς
624 2752 756 2801 quando
769 2751 1035 2807 puniendaeſjm
1051 2753 1254 2795 Moniales‚
1280 2750 1340 2787 vel
1372 2750 1442 2788 alii
1456 2748 1655 2798 refistentes
1674 2750 1710 2788 d.
1737 2745 1862 2806 vffita·

1743 2806 1813 2834 tto-
