1874 2961
19 123 342 212 BERGOMEN
366 122 743 175 0RD1NAT10N18
760 150 770 164 ,
800 121 888 159 SEU
912 120 1214 160 LITERARUM
1244 87 1488 160 TESTIMOS-
1515 133 1723 170 sesi-23.c.i3.‘

120 172 366 210 NiALioMi:
391 174 505 210 Sacros
519 173 667 209 Ordines
679 171 847 220 suscipere
864 182 1003 216 cupiens
1027 172 1213 206 minoribus
1239 174 1308 215 jam
1327 172 1485 207 initiatus
1515 171 1726 211 &fiio-delusi

66 219 193 267 Joseph
218 217 479 256 Ambrosionins
498 221 623 267 pluries
645 219 814 267 Episcopo
841 229 956 264 preces
979 220 1108 252 obtulit
1134 245 1144 258 ‚
1183 228 1220 253 ut
1249 219 1487 254 Ecclesiasticae

67 265 200 303 militia:
217 267 482 308 adscriberetur,
504 271 535 303 δι
561 267 685 309 semel,
709 267 856 305 iterum,
881 267 1006 305 tertio,
1033 265 1162 300 deiectu
1190 266 1338 301 scientiae
1355 293 1364 305 ‚
1389 268 1486 310 cujus

66 313 258 362 periculum
280 314 399 350 iactum
420 315 483 350 fuit
497 315 649 352 examine
663 341 672 354 ,
691 314 836 357 rejestus
854 313 923 351 est;
945 312 1034 348 idem
1057 313 1090 347 ei
1108 312 1230 348 accidit
1249 315 1281 348 in
1307 314 1378 347 alio
1400 325 1486 348 exa-

67 360 160 396 mine
176 364 249 397 ado
261 373 374 397 coram
389 362 550 409 Episcopo
562 362 694 398 Cremae
709 389 719 402 ‚
743 360 833 396 idem
858 360 890 394 in
906 361 1015 396 altero
1031 371 1147 396 coram
1163 362 1292 396 duobus
1313 360 1487 395 Patavina:

69 411 278 444 Accademix
292 407 535 446 Professoribiis
548 437 557 450 ,
580 409 702 458 quibus
716 408 804 443 hanc
817 408 1035 443 Provinciam
1058 407 1280 444 mandaverat
1295 406 1485 454 Episcopus

67 465 208 502 rogatus
220 456 264 490 ab
281 456 521 493 Ainbrosionio
536 483 543 494 ,
570 457 629 503 qui
646 456 757 491 literas
771 481 780 494 ,
807 466 889 500 quas
904 455 1003 490 Sacer
1016 456 1112 490 Ordo
1138 455 1285 500 postulat
1300 481 1310 494 ‚
1337 452 1486 489 didicisse

69 501 233 547 narrabat
246 530 254 541 .
277 503 385 550 Igitur
397 505 518 562 joseph
534 504 676 550 Veglam
690 502 857 549 profectus
871 528 881 542 ‚
906 504 937 536 δε
956 502 1108 549 Episcopi
1134 503 1229 538 illius
1263 501 1404 538 servitio
1426 502 1488 536 adr

67 550 174 590 dictus
193 577 204 590 ,
237 563 310 587 eam
339 552 542 600 Theologiae
564 559 718 598 partem,
740 562 813 596 quae
837 550 882 585 ad
915 561 1026 585 mores
1047 551 1192 597 pertinet
1219 577 1230 591 ,
1259 547 1486 586 excolendam

71 597 207 644 sumpsit
220 623 233 641 2
252 602 283 635 δι
297 612 391 636 ηονο
407 599 472 635 sese
486 599 681 642 subjicienti
705 597 834 642 judicio
850 597 1130 634 Examinatorum
1156 599 1253 635 illius
1269 595 1424 643 Diecesis
1440 595 1490 630 se-

72 647 184 685 cundo
206 646 240 682 ei
261 646 328 682 sors
347 647 472 684 arrisit.
497 646 685 682 Postulavit
713 647 826 691 itaque
854 647 895 681 ab
909 645 1074 692 Episcopo
1087 646 1246 694 Bergomi
1267 646 1400 681 Literas
1414 641 1491 678 Di-

73 693 269 731 missoriales
283 721 293 734 ,
316 703 353 729 ut
366 696 406 729 ab
417 694 583 743 Episcopo
600 694 716 740 Veglae
730 692 1019 728 Subdiaconatum
1036 719 1046 733 ‚
1069 695 1160 730 alios
1179 706 1220 729 ue
1237 694 1355 728 Sacros
1374 688 1488 725 Ordi-

73 754 132 778 nes
153 740 305 786 accipere
326 740 451 786 possen
473 740 604 777 Renuit
617 741 795 786 Episcopus
812 739 1062 786 Bergommfis,
1085 743 1117 777 δι
1139 708 1187 776 οἳ)
1211 742 1242 776 id
1257 739 1376 784 ioseph
1401 735 1488 771 adiit

72 790 138 825 hoc
150 787 287 823 Sacrum
297 787 472 825 Tribunal
485 814 495 827 ,
519 800 537 823 a
551 799 620 834 quo
635 787 724 824 nihil
738 787 891 822 obtinere
911 787 1024 833 potuit
1041 813 1051 827 ‚
1076 789 1192 823 audito
1217 788 1387 834 Episcopo
1407 783 1489 818 Ber—

71 833 218 884 gomenfi
234 862 241 871 .
269 836 419 871 Demum
436 835 556 881 Joseph
579 837 620 870 ab
634 835 798 881 Episcopo
816 834 933 879 veglte
948 835 1061 870 audlus
1084 835 1148 870 fuit
1170 832 1397 870 Ecclesiastico
1420 831 1490 865 Be·-

70 880 213 928 neficio,
231 882 263 917 &
287 882 510 930 Cappellania
532 893 722 929 perpetua,
743 892 818 927 quae
846 881 1045 918 Patrimonii
1071 881 1165 918 Sacri
1191 880 1363 916 redditum
1388 888 1491 913 exce-

71 924 157 964 dunt
170 955 180 969 ,
207 928 347 976 ideoque
360 931 459 975 petiit
473 930 605 965 Literas
621 930 870 972 Testimoniales
897 929 936 964 ad
961 927 1104 965 formam
1124 927 1372 966 innocentianae
1392 924 1491 960 Con-

70 975 256 1012 stitutionis
270 1002 280 1016 2
301 978 394 1020 cuius
421 977 560 1013 initium
579 977 625 1012 est
642 985 662 1013 S
687 977 879 1013 eculatores
895 1002 903 1015 ‚
930 987 1011 1023 quas
1038 988 1114 1013 cum
1131 975 1283 1021 negasset
1304 973 1491 1020 Episcopus

71 1022 300 1070 Bergomenfis
314 1052 325 1066 ‚
350 1024 394 1060 ad
405 1024 631 1069 amplissimos
675 1031 768 1059 atres
792 1023 916 1058 iterum
946 1023 1067 1070 Joseph
1083 1024 1240 1070 confugit
1254 1049 1264 1063 ‚
1284 1024 1361 1057 dato
1380 1017 1492 1054 libel-

72 1069 108 1105 lo
121 1096 131 1110 ,
157 1082 227 1116 quo
243 1068 439 1119 postulabat
452 1071 583 1118 injungi
597 1071 705 1107 eidem
719 1069 883 1118 Episcopo
897 1097 906 1110 ‚
927 1081 965 1106 ut
980 1072 1111 1107 Literas
1134 1071 1260 1109 daret;
1285 1068 1335 1104 Eo
1361 1065 1467 1114 igitur
1481 1089 1492 1104 ,

73 1119 111 1151 ¹-st
134 1127 194 1162 ΡΜ
214 1127 286 1152 erat
302 1145 311 1158 ‚
340 1119 466 1154 iterum
479 1118 615 1159 audito,
640 1119 676 1154 in
699 1121 963 1164 Congregutione
986 1121 1056 1154 diez·
1075 1128 1130 1166 27,
1146 1115 1385 1161 Martiihi-jus
1411 1115 1492 1149 anni

72 1162 268 1209 rescriptum
285 1165 368 1201 fuit=
384 1169 518 1204 LeHum
533 1191 542 1204 ‚
556 1171 600 1203 &⁴
623 1168 816 1212 acquiescat
829 1176 839 1196 ε
863 1163 1085 1211 Rescriptum
1099 1168 1164 1202 hoc
1183 1175 1250 1199 non
1266 1161 1394 1210 placuit
1408 1162 1495 1194 Am-

71 1207 253 1254 brofionio,
266 1213 325 1259 qui
339 1213 523 1248 instaurato
536 1221 717 1247 certamine
728 1211 963 1247 controversiae
977 1211 1209 1247 definitionem
1220 1221 1307 1246 nunc
1324 1206 1493 1256 postulat.

24 1257 216 1295 Contendit
233 1260 346 1306 itaque
361 1260 412 1304 ita
430 1261 587 1307 ignarum
601 1259 671 1294 dici
696 1271 761 1293 non
776 1257 862 1302 poffe
878 1286 887 1299 ,
913 1270 952 1294 ut
975 1259 1018 1294 ad
1033 1259 1268 1295 Sacerdotium
1294 1254 1494 1303 promoveri

73 1314 244 1357 nequeam
265 1302 385 1354 colligi
404 1307 438 1343 id
463 1306 550 1353 posse
575 1319 617 1341 ex
644 1306 824 1342 decennali
842 1315 992 1352 tempore
1007 1332 1017 1345 ‚
1040 1319 1108 1352 quo
1128 1305 1331 1351 Theologiae
1356 1311 1495 1348 operam

74 1350 195 1388 dediffe
212 1353 394 1394 monstrat,
419 1355 453 1390 &
478 1354 600 1390 clarius
624 1366 665 1389 ex
689 1354 932 1398 approbatione
957 1354 1180 1401 synodalium
1208 1351 1493 1399 Examinatorum

75 1399 220 1446 Veglae=
242 1401 328 1436 nihil
358 1411 494 1437 mutare
514 1402 681 1438 indoctum
707 1411 785 1435 eum
801 1400 1049 1446 deprehensum
1067 1401 1161 1437 fuiffe
1178 1402 1218 1436 ab
1241 1397 1498 1445 Examinatori-

70 1449 132 1483 bus
149 1445 327 1494 Bergomi,
350 1449 382 1484 δι
405 1446 619 1485 Accademiae
634 1447 805 1483 Patavinae
834 1447 1073 1494 professoribus
1089 1475 1098 1489 ,
1123 1459 1200 1483 curn
1227 1445 1333 1481 fallax
1348 1471 1356 1482 .
1383 1443 1415 1478 &
1432 1452 1497 1493 'm-

72 1503 167 1530 certa
187 1492 228 1529 fit
245 1495 304 1530 illa
320 1496 479 1542 probatio
506 1496 679 1536 scientiae,
704 1506 776 1541 quae
794 1495 955 1531 educitur
979 1507 1019 1532 ex
1041 1495 1203 1542 responsis
1220 1492 1311 1528 daris
1337 1491 1374 1526 iri
1405 1488 1496 1524 hisce

74 1540 221 1583 Iudiciis
236 1569 244 1581 ‚
270 1545 419 1590 pendent
436 1544 528 1579 enim
546 1555 565 1578 a
581 1543 657 1580 casu
672 1569 682 1583 ‚
709 1544 738 1576 δι
768 1541 907 1578 fortuna
931 1544 1123 1589 quiestionis
1138 1568 1147 1581 ‚
1173 1553 1246 1589 quae
1271 1538 1471 1587 proponitpl’
1485 1561 1497 1575 ,

74 1599 216 1635 quaeque
242 1588 264 1622 fi
289 1592 426 1636 cognita
442 1590 512 1630 est,
536 1592 567 1626 &
592 1590 769 1637 perspedta
789 1590 1029 1636 respondenti,
1049 1589 1181 1625 etiamsi
1207 1589 1288 1622 alias
1314 1586 1496 1635 imperitus

75 1636 139 1674 sit,
164 1635 274 1671 doGus
289 1638 529 1680 reputabitur,
548 1638 671 1672 sivero
694 1636 835 1683 ignota,
860 1638 892 1672 δι
919 1649 1091 1682 nunquam
1117 1635 1234 1671 audita
1259 1632 1497 1678 respondenti,

75 1682 208 1719 etiamsi
225 1684 307 1718 alias
322 1683 450 1731 sapiens
465 1711 475 1727 ,
496 1685 527 1720 &
550 1685 661 1718 doctus
680 1682 743 1723 sit,
768 1684 945 1729 imperitus
969 1683 1165 1726 judicatur,
1189 1692 1228 1717 ut
1253 1693 1295 1716 ex
1320 1678 1431 1713 Text.
1461 1681 1498 1713 in

75 1733 100 1767 l.
114 1732 219 1766 vnica
237 1733 310 1767 Cod.
337 1735 377 1768 de
390 1734 510 1768 Atlet.
533 1733 594 1768 lih.
606 1743 653 1766 10.
666 1729 886 1767 observarunt
900 1733 1006 1767 Pelin-
1021 1742 1092 1779 cap.
1111 1744 1185 1767 cum
1198 1725 1419 1766 Venerabilis
1431 1724 1498 1768 sub

74 1789 163 1814 num.
180 1787 234 1824 49.
263 1781 301 1814 de
315 1788 449 1827 except.
463 1780 639 1816 Gonzalez
663 1779 704 1812 ad
730 1785 807 1825 ch.
826 1783 857 1812 8.
877 1779 1062 1814 cancellar.
1079 1777 1180 1823 Gloff·
1193 1788 1226 1822 4.
1252 1786 1341 1811 num.
1359 1782 1434 1818 119.
1452 1776 1497 1808 θ’

63 1826 142 1872 seq.
160 1824 353 1870 presertim
367 1838 445 1862 cum
464 1836 581 1860 mente
596 1835 762 1871 concepto
777 1835 871 1860 metu
890 1822 1098 1859 verecundia:
1115 1850 1126 1864 ‚
1153 1825 1186 1858 &
1204 1820 1407 1857 reverentiae
1422 1845 1432 1858 ‚
1463 1819 1498 1853 &

74 1873 117 1907 ob
144 1871 180 1915 id
201 1871 337 1908 turbata
361 1874 542 1912 memoria,
568 1875 688 1906 mirum
702 1869 765 1905 ess'e
790 1883 860 1906 nori
883 1871 1026 1910 debeat,
1051 1870 1074 1905 si
1096 1882 1164 1906 non
1189 1870 1276 1904 bene
1299 1865 1496 1917 respondit:

74 1929 144 1953 non
169 1917 235 1952 effe
262 1921 366 1966 igitur
387 1919 651 1955 Testimoniaies
675 1919 890 1964 denegandas
914 1917 1070 1958 differit,
1099 1920 1149 1953 hae
1179 1915 1342 1962 siquidem
1371 1913 1496 1949 Literae

72 1976 144 2000 non
158 1965 341 2010 respiciunt
356 1966 533 2003 scientiam
546 1992 556 2006 ‚
586 1966 639 2002 sed
655 1975 787 2000 tantum
811 1965 955 2001 Natales
971 1992 981 2007 ‚
1008 1974 1146 2001 aetatem
1161 1992 1171 2005 ‚
1197 1963 1307 1998 vitam
1325 1986 1336 2000 ,
1356 1972 1396 1996 ac
1419 1971 1497 1995 mo-

75 2023 127 2048 res
140 2037 151 2052 ,
181 2021 220 2047 ut
239 2013 381 2049 tradunt
395 2015 577 2051 Monacell.
595 2014 740 2058 formul.
763 2013 866 2060 legal.
887 2022 966 2060 par.
986 2026 1015 2048 1.
1030 2014 1176 2059 form.9.
1192 2021 1323 2056 tem.4.
1342 2015 1498 2054 Lamper·

75 2062 118 2094 ad
133 2058 263 2100 Consti),
273 2062 509 2108 speculatores
525 2075 558 2097 η.
573 2071 644 2107 344.
662 2063 788 2107 Rigant
813 2062 855 2095 ad
870 2063 987 2107 Regitl.
1004 2071 1057 2099 24.
1079 2059 1266 2095 Cancellar.
1292 2059 1324 2099 §.
1340 2065 1372 2096 3.
1391 2068 1424 2089 n.
1440 2054 1498 2095 85.

77 2106 133 2147 85.
147 2107 259 2152 &98
284 2109 329 2144 Et‘
349 2107 428 2144 satis
440 2107 632 2144 consultum
644 2106 682 2141 sit
697 2134 705 2146 ,
730 2115 768 2142 ut
786 2107 951 2142 tollantur
974 2105 1129 2145 fraudes,
1153 2116 1236 2151 quas
1260 2115 1331 2140 non
1353 2113 1435 2137 raro
1460 2113 1498 2136 in

75 2151 224 2190 Dioecesi
255 2153 312 2190 sua
335 2153 411 2190 fieri
437 2154 539 2190 resert
564 2154 748 2201 Episcopus
772 2153 1002 2201 Bergomensis
1025 2181 1035 2195 ,
1058 2154 1093 2188 in
1121 2163 1222 2201 quam
1245 2150 1500 2193 illiteratiffjmi

76 2204 277 2237 Sacerdotes
307 2206 468 2242 redeunt,
493 2205 554 2249 qui
579 2205 755 2249 reprobati
784 2203 906 2239 clerici
932 2204 1098 2249 qnondam
1119 2200 1278 2247 abjerunt
1298 2197 1499 2247 facultate..

74 2246 139 2284 illa
156 2273 168 2287 ,
190 2260 256 2295 qua
270 2249 322 2285 uti
338 2249 469 2296 possunt
481 2248 640 2297 Episcopi
658 2246 799 2294 originis
812 2275 822 2288 ,
849 2259 887 2284 ut
911 2247 1056 2284 examini
1071 2246 1256 2290 subjiciant
1282 2257 1339 2292 eos
1353 2270 1362 2284 ,
1387 2243 1445 2296 qui
1460 2253 1498 2294 in

76 2296 169 2330 suam
187 2296 373 2333 Dioecesim
397 2298 538 2334 redeunt
553 2322 564 2336 ,
588 2304 626 2331 ut
646 2295 670 2330 fi
692 2297 803 2331 minus
828 2295 938 2332 idonei
964 2294 1238 2343 comperiantur,
1265 2293 1309 2329 ab
1331 2298 1499 2331 exercitio

78 2343 217 2379 Ordinis
233 2344 400 2381 interdici
415 2371 425 2386 ,
440 2345 561 2393 postint
575 2369 585 2383 ,
599 2343 686 2390 quod
702 2355 745 2379 ex
765 2342 836 2391 ipsa
848 2342 1100 2379 Constitutione
1115 2342 1353 2391 speculatores
1372 2337 1499 2385 §.Por-

80 2403 117 2426 ro
133 2392 256 2427 docent
267 2400 420 2441 Lamper.
444 2396 479 2429 in
494 2393 659 2439 explicat.
673 2392 775 2438 ejusd.
792 2391 924 2432 Constit.
935 2401 1034 2439 part.
1047 2399 1103 2436 47.
1116 2403 1207 2425 num.
1221 2397 1303 2434 449·
1317 2388 1443 2421 Morin-
1457 2386 1496 2420 de

84 2442 249 2481 ‘Promov-
269 2442 311 2475 ad
335 2440 458 2484 Ecclefi
484 2441 640 2475 ordinat.
665 2438 812 2486 quaest.5.
827 2449 939 2483 n.330.
961 2443 1005 2476 ὠν
1019 2439 1095 2484 seq.
1120 2439 1257 2483 Riganr.
1283 2435 1325 2468 ad
1350 2439 1499 2483 &ag-24·

85 2487 228 2522 Cancell.
242 2486 278 2534 ᾧ.
291 2499 323 2533 3.
339 2487 428 2533 n.87.
443 2486 509 2523 His
522 2486 628 2532 igitur
641 2512 652 2526 ,
677 2484 822 2532 aliisque
836 2511 848 2525 ,
871 2497 946 2532 quae
961 2494 1036 2521 tum
1050 2483 1171 2531 loseph
1185 2509 1195 2524 ‚
1223 2491 1298 2518 tum
1312 2478 1499 2527 Episcopus

82 2529 233 2574 habent,
258 2534 442 2582 perpensis,
466 2533 737 2582 respondendum
760 2533 828 2569 erit
844 2560 853 2569 .

35 2585 95 2615 -An
110 2581 288 2629 fptjfropus
300 2589 484 2629 Bergomen
498 2590 657 2620 teneatur
671 2583 848 2619 concedere
874 2579 1125 2622 Testimoniales
1148 2580 1285 2615 Literas
1300 2583 1369 2624 pro
1393 2574 1498 2609 Ordi-

82 2639 220 2663 nacime
234 2629 374 2675 ⁵Jufephi
393 2629 428 2666 in
445 2631 520 2675 casu
532 2635 609 2667 &a
1463 2667 1471 2673 ¹

130 2674 254 2709 Dilata
280 2701 291 2716 ‚
315 2675 494 2713 &Orator
514 2676 545 2713 se
568 2674 724 2720 subjiciat
740 2687 832 2713 novo
851 2672 1001 2711 examini
1025 2685 1141 2723 coram
1162 2670 1434 2719 Metropolitano
1460 2677 1497 2720 in

31 2720 130 2763 casu,
150 2720 194 2757 de
211 2733 277 2768 quo
294 2722 423 2770 agitur.
1407 2715 1490 2750 Dle
