1946 2961
451 54 468 77 2

382 115 404 129 ‚,
424 52 662 123 {arochialcm
681 97 754 121 curn
774 88 931 122 munibus
948 86 1107 122 fructibus
1125 109 1134 123 ‚
1158 86 1424 127 emolumentis,
1449 90 1579 127 damnis
1596 118 1607 132 ,
1627 93 1658 127 δι
1679 92 1837 130 intereffe
1873 98 1907 131 in

380 162 403 176 ‚,
428 136 504 170 casu
530 136 592 169 &c.
619 134 787 180 respondit
813 139 951 169 Sacrum
977 132 1140 168 Tribttml
1153 157 1175 171 ‚2
1190 132 1245 167 Ad
1263 133 1289 167 l·
1314 136 1472 180 negative
1490 163 1501 173 .
1529 140 1583 174 Ad
1604 139 1646 174 11.
1672 141 1898 177 Affirmative

429 181 466 216 in
481 181 633 216 omnibus
649 181 789 218 „Venit
806 192 893 215 nunc
919 179 1016 215 causa
1038 178 1078 213 ad
1102 190 1228 213 novum
1243 179 1404 221 judicium
1418 208 1428 222 ,
1451 184 1483 218 &
1497 186 1767 233 cognoscendum
1784 189 1832 225 est
1851 213 1862 223 .

381 230 441 265 01η
457 228 502 271 fit
520 225 674 267 standum
690 255 699 268 ,
716 229 776 263 vel
792 229 1008 265 recedendum
1022 241 1041 262 a
1058 225 1171 269 decifis
1186 229 1222 262 in
1238 227 1312 272 cafiz
1337 232 1414 266 (θ’-ε.

558 333 623 385 In
662 336 846 390 decifis
868 378 881 401 ‚
916 344 965 392 ὃς
1007 336 1243 403 amplius
1265 376 1280 388 .

122 392 355 444 soff-25·t·¹²·
454 401 705 439 IPONTINA
730 404 1125 443 REsTiTunoNis
1151 405 1204 439 lN
1234 405 1529 443 INTEGRviv-t:
1554 408 1730 457 proposita
1755 414 1818 449 fuit
1838 417 1909 452 haec

122 444 160 477 de
175 440 247 485 Res·
464 449 564 486 causa
587 447 622 485 in
649 451 770 489 ultima
789 458 1050 502 Congregatione
1078 455 1133 488 die
1159 462 1214 486 22.
1237 454 1390 491 transacti
1413 456 1530 497 Mcnfis
1556 459 1683 501 0szii,
1701 461 1874 507 dubioque
1890 484 1909 489 -

433 505 493 534 An
505 497 552 540 fic
576 499 670 533 locus
699 500 906 543 restitutioni
934 505 968 538 in
995 503 1167 546 integrum
1196 503 1230 536 in
1255 502 1330 545 casn
1346 508 1418 539 &a
1449 500 1643 548 responsum
1667 505 1736 542 fuit
1753 526 1773 533 -
1796 522 1904 557 nega-

434 548 541 581 tive-
568 546 665 580 venit
688 557 779 583 nunc
802 549 842 584 ad
860 561 989 586 novum
1012 546 1200 589 iudicium,
1228 549 1260 587 ἃ
1276 547 1408 585 definiri
1431 548 1537 585 debet
1554 574 1566 586 .

387 598 447 630 An
467 592 512 635 fit
525 591 703 635 standum,
731 598 791 633 vel
802 600 1020 635 recedendum
1035 609 1055 630 a
1081 595 1206 639 Decifis
1221 599 1255 632 in
1269 598 1346 643 casu
1360 601 1435 634 &c-

563 701 752 755 Dilata
789 705 856 757 ad
886 723 1117 760 mentem
1156 745 1170 768 ‚
1203 712 1251 760 8<
1282 723 1429 760 mens
1457 705 1527 758 est
1548 746 1562 770 ,
1598 709 1749 776 quod
1788 708 1908 760 scri-

457 772 621 846 batur
640 774 1069 847 Archiepiscopo
1089 775 1240 841 juxta
1258 776 1654 845 instrufflioncm
1685 817 1699 831 .

123 883 199 930 Seff-
212 891 267 935 ²4·
280 888 361 918 ⁰¹²·
500 904 742 941 ERVLANA
770 904 1270 945 ARCmmACONATvs
1284 925 1293 944 ι
1305 909 1397 946 eum
1411 909 1501 945 inter
1514 908 1692 945 duodecim
1709 909 1908 946 canonicos

147 947 162 969 ε
245 953 256 965 ’
510 952 730 989 cathedralis
742 953 897 992 Ecclefiae
920 955 1099 992 Verulanae
1124 956 1237 992 nullus
1252 957 1355 998 estet,
1403 954 1571 998 uimajbri
1590 956 1621 991 di
1650 958 1757 991 nitate
1810 957 1910 992 raedi-

125 935 145 967 '¹
184 932 244 977 Res
1378 968 1399 1003 (ι
1626 968 1647 1005 g
1783 969 1805 1005 Ρ

434 1004 492 1034 tus
509 1006 648 1036 caeteros
669 1001 870 1038 antecileret
883 1031 892 1045 ‚
916 1003 1100 1050 omnesque
1112 1002 1213 1038 essent
1229 1017 1319 1051 pares
1335 1032 1344 1046 ‚
1368 1003 1439 1040 sola
1463 1004 1626 1049 temporis
1650 1005 1909 1050 praerogativa-2

431 1043 563 1082 servata
587 1075 598 1088 ,
635 1048 669 1082 in
705 1058 854 1085 mentem
891 1051 988 1089 venit
1028 1050 1172 1087 Thomae
1207 1052 1348 1093 Jabonio
1386 1051 1716 1088 Archidiaconatum
1755 1052 1792 1087 in
1831 1062 1905 1088 ea.»

433 1091 631 1131 cathedrali
657 1094 797 1132 fundare
833 1125 843 1138 ,
890 1107 927 1135 ut
965 1098 1076 1146 prima
1112 1125 1122 1139 ‚
1175 1109 1275 1145 atque
1313 1100 1413 1136 unica
1460 1098 1622 1146 Dignitas
1659 1098 1741 1134 esset
1777 1113 1789 1133 ι
1826 1099 1908 1134 An·-

428 1150 472 1189 no
506 1140 620 1189 itaque
661 1155 759 1187 1742.
798 1146 977 1183 constituta
1014 1145 1092 1181 dote
1129 1145 1280 1183 locorum
1324 1147 1467 1194 triginta
1513 1157 1659 1193 quatuor
1696 1145 1906 1182 Montium-³

432 1196 467 1220 in
493 1187 560 1232 ipso
585 1189 792 1226 fundationis
817 1192 1064 1233 instrumento,
1091 1194 1184 1229 cavit
1209 1220 1219 1233 ,
1243 1204 1281 1230 ut
1309 1205 1418 1230 novus
1443 1192 1717 1230 Archidiaconus
1742 1192 1905 1229 omnibus

431 1232 500 1268 frui
515 1236 649 1272 deberet
664 1237 869 1285 privilegiis
883 1268 892 1281 ‚
916 1241 1040 1288 quibus
1054 1240 1194 1275 aliarum
1216 1241 1473 1277 Cathedralium
1488 1241 1733 1276 Archidiaconi
1756 1240 1822 1276 frui
1850 1239 1906 1292 [οἵ

432 1280 504 1315 lent
518 1307 527 1320 ,
555 1283 729 1330 voluitque
744 1288 782 1320 ad
794 1287 986 1332 augendum
1011 1287 1193 1323 verulanae
1207 1288 1422 1324 Cathedralis
1438 1287 1541 1323 decus
1557 1316 1566 1328 ‚
1594 1298 1631 1323 ut
1660 1287 1905 1324 Archidiacom

431 1338 550 1364 omens
566 1330 736 1377 perpetuis
752 1331 872 1368 suturis
887 1334 1093 1381 temporibus
1106 1335 1337 1372 protonotarii
1362 1335 1545 1382 Apostolici
1565 1335 1629 1371 esse
1655 1335 1816 1370 deberent
1831 1361 1840 1374 ‚
1870 1335 1903 1370 ὅτ

431 1378 642 1412 ornamentis
668 1379 737 1413 illis
752 1406 761 1419 ‚
784 1392 858 1426 quae
872 1381 976 1428 vulgo
992 1383 1149 1428 Rochetco
1162 1410 1172 1423 ‚
1202 1396 1217 1418 e
1233 1385 1453 1421 Mantcllctta
1469 1394 1731 1430 nuncupantur,
1758 1382 1808 1417 uti
1822 1381 1899 1427 pos-

431 1422 504 1462 set,
531 1425 740 1471 atqueindui
770 1427 803 1461 in
816 1428 1077 1476 quibuscumque
1090 1430 1196 1465 sacris
1213 1430 1476 1466 Funssionibus:
1505 1432 1617 1465 Onera
1644 1441 1725 1464 vero
1753 1429 1904 1476 plurima

430 1469 521 1505 dedit
540 1497 549 1509 ‚
573 1484 643 1518 qua:
658 1473 768 1520 legere
788 1484 949 1520 poterunt
966 1476 1175 1523 Ampliflimi
1195 1478 1308 1513 Patres
1324 1479 1356 1514 in
1382 1477 1453 1522 ipso
1467 1476 1673 1513 fundationis
1697 1477 1904 1513 instrumen-

431 1526 471 1550 to
488 1545 496 1553 .
514 1520 628 1554 t’reces
646 1520 727 1555 inde
746 1521 918 1557 Fundator
931 1523 1056 1559 obtulit
1071 1525 1295 1561 Sacratissimo
1308 1525 1459 1570 Principi
1473 1525 1586 1563 nostro
1599 1552 1608 1566 ‚
1622 1534 1659 1559 ut
1677 1523 1905 1559 Constitutio-

430 1575 472 1598 ne
488 1565 543 1600 sua
559 1566 792 1603 fundationem
817 1569 1036 1606 confirmaret
1053 1599 1060 1610 ,
1085 1573 1115 1606 δι
1129 1574 1212 1618 erigi
1229 1573 1360 1613 juberet
1379 1599 1401 1612 ,‚
1427 1572 1463 1608 in
1477 1572 1597 1613 maiori
1610 1570 1759 1607 Ecclefia
1775 1571 1902 1617 praedi-

385 1635 408 1651 2,
434 1611 484 1646 &a
508 1625 610 1649 unum
627 1615 951 1652 Archidiaconatum
965 1645 975 1658 ,
1002 1618 1217 1666 Dignitatem
1235 1620 1319 1656 inibi
1335 1620 1408 1668 post
1421 1619 1659 1656 Pontificalem
1681 1619 1900 1661 maiorem-³,

384 1681 408 1698 ,2
437 1662 467 1695 &
508 1661 665 1701 unicam,
692 1665 725 1697 &
741 1663 860 1705 iilum,
886 1666 942 1711 qui
967 1668 1085 1701 oculus
1110 1666 1265 1715 Episcopi
1290 1669 1415 1703 dicitur
1431 1694 1441 1708 ‚
1471 1667 1695 1708 existentem,
1719 1666 1778 1712 qui
1803 1664 1903 1712 ipsius

386 1733 408 1747 ,,
435 1706 571 1759 maj-oris
586 1706 738 1745 Ecciefiae
751 1710 904 1757 Capituli
920 1723 1020 1760 caput
1034 1714 1154 1750 existat
1168 1742 1176 1755 ‚
1194 1715 1223 1749 &
1241 1718 1274 1750 in
1287 1728 1326 1752 ea
1340 1716 1485 1761 primum
1501 1716 1613 1751 locum
1630 1713 1812 1766 obtinens

385 1758 522 1791 Annuit
536 1756 698 1801 Optimus
713 1758 876 1804 Princeps
888 1787 898 1800 ,
923 1762 954 1796 &
972 1761 1084 1797 literis
1101 1763 1139 1798 ad
1155 1763 1366 1798 Verulanum
1383 1763 1580 1808 Episcopum
1593 1761 1678 1798 datis
1691 1787 1702 1801 ,
1728 1760 1839 1803 justit,
1865 1768 1906 1795 ut

386 1829 409 1843 ,,
435 1802 645 1837 authoritate
659 1804 858 1849 Apostolica
875 1831 897 1847 .,
922 1807 1025 1843 etiam
1039 1809 1134 1844 nullo
1151 1809 1289 1856 desuper
1317 1811 1547 1846 modernorum
1567 1808 1749 1856 Capituli,
1773 1809 1805 1844 ἃ
1830 1807 1904 1843 Ca-

388 1875 412 1889 „
436 1850 636 1900 nonicorum
651 1850 744 1886 dictae
760 1853 900 1899 majoris
917 1854 1090 1897 Ecclefiae,
1114 1866 1280 1903 quatenus
1292 1869 1375 1902 opus
1400 1857 1438 1891 sit
1451 1882 1460 1896 ,
1478 1858 1516 1892 ad
1543 1859 1610 1893 hoc
1634 1854 1795 1903 requisito
1821 1867 1902 1891 con-

433 1897 527 1931 ieniu
547 1923 572 1938 .‚
600 1898 932 1937 Archidiaconatum
949 1904 1212 1950 erigeret,utque
1229 1905 1448 1950 praesentatus
1461 1905 1514 1940 his
1534 1904 1756 1953 qualitatibus
1777 1902 1903 1954 praedif

431 1952 485 1978 tus
500 1942 565 1979 ess'e
579 1946 718 1980 deberet
734 1950 767 1982 in
781 1949 902 1995 aliqua
916 1949 1046 1985 scilicet
1057 1976 1080 1992 „
1104 1951 1246 1997 publica
1259 1979 1268 1992 ‚
1298 1955 1327 1988 δι
1342 1955 1527 1998 approbata
1549 1949 1774 1988 Vniverfitate
1801 1950 1899 2001 studii

388 2016 412 2031 ‚2
439 1993 607 2036 generalis
617 1993 651 2028 in
669 2002 814 2040 utroque
827 1996 901 2038 jure
915 1997 1046 2033 Doctor
1060 2026 1070 2039 ‚
1096 2000 1127 2034 δι
1152 2000 1184 2035 in
1200 2009 1302 2035 cantu
1313 1999 1527 2047 Gregoriano
1542 2000 1694 2035 versatus
1708 2024 1720 2036 .
1745 2007 1784 2031 ac
1808 1997 1900 2033 Sedis

387 2063 410 2077 ³>
435 2038 648 2085 Apostolicae
663 2041 851 2082 Notarius,
876 2044 1138 2082 Protonotarius
1151 2058 1359 2093 nuncupatus
1381 2049 1498 2083 existat
1512 2073 1522 2085 ,
1544 2047 1600 2082 seu
1619 2044 1724 2082 creari
1747 2044 1869 2079 debeat
1888 2070 1902 2090 4

432 2088 494 2130 qui
510 2092 614 2123 etiam
632 2098 791 2125 teneatur
803 2114 828 2131 ,‚
853 2091 888 2125 in
901 2091 996 2128 illius
1010 2093 1156 2140 ingressu
1168 2094 1409 2140 obligationem
1423 2094 1573 2130 solvendi
1586 2092 1776 2144 dimidiam-
1789 2102 1899 2127 anna-

386 2157 410 2172 „
432 2139 502 2166 tam
525 2134 673 2171 Fabricae
696 2135 856 2172 emittere
873 2165 883 2178 ,
909 2151 947 2174 ac
963 2140 1036 2182 jura
1056 2141 1219 2177 Sacristiae
1239 2142 1334 2187 ipsius
1359 2142 1498 2185 majoris
1526 2140 1681 2177 Ecelefiae
1703 2139 1814 2173 debsta
1829 2165 1838 2179 ³
1864 2139 1898 2173 δί

387 2204 411 2219 ,,
434 2189 494 2224 per
519 2180 612 2231 illius
636 2183 832 2219 Canonicos
846 2186 990 2231 persolvi
1014 2188 1112 2223 solita
1129 2189 1322 2236 persolvere
1344 2203 1356 2228 ‚-
1379 2190 1525 2232 conceffit
1544 2191 1684 2238 pariter
1706 2184 1898 2222 Archidia-

387 2250 411 2268 ‚‚
436 2237 526 2262 cono
542 2229 634 2264 dlCtae
653 2229 788 2273 majoris
801 2232 958 2271 Ecclefiae
973 2247 1032 2279 pro
1044 2245 1196 2281 tempore
1209 2236 1364 2272 existenti
1380 2237 1536 2283 praediQo
1548 2262 1559 2276 ι
1579 2246 1616 2272 ut
1635 2235 1700 2281 ipse
1722 2232 1897 2286 R090b0t⁴

385 2300 410 2315 ‚,
438 2282 509 2308 tum
524 2300 534 2313 ‚
560 2275 591 2309 &
617 2278 874 2314 Manteilettam
887 2282 1195 2324 violaceicoioris-³
1217 2286 1334 2319 tamin
1350 2284 1570 2327 dictarnajori
1584 2281 1732 2319 Ecclesia
1747 2306 1758 2320 ³
1783 2279 1896 2332 jujus-

386 2347 411 2361 „
435 2332 500 2366 que
513 2322 653 2363 Choro,
681 2336 781 2369 quam
795 2335 893 2362 extra
908 2354 918 2369 ,
939 2339 978 2364 ac
1004 2330 1094 2366 inter
1115 2331 1289 2366 Miffarum
1313 2331 1496 2371 solemnia,
1519 2331 1727 2376 aliorumque
1743 2329 1896 2378 D'nfmo*

386 2393 409 2408 2,
436 2380 510 2419 rum
527 2368 729 2406 Officiorum
745 2397 754 2409 ‚
778 2372 808 2406 ἂ
824 2374 948 2420 ubique
962 2377 1114 2412 locorum
1126 2379 1231 2414 etiam
1244 2380 1277 2413 in
1291 2379 1463 2425 praesentia
1478 2379 1514 2414 S.
1527 2377 1569 2413 R.
1585 2377 1622 2414 E.
1637 2373 1872 2425 Cardinaltum
1883 2402 1894 2416 ,
1928 2406 1929 2409 =

386 2439 410 2455 2,
433 2424 535 2467 epam
550 2416 589 2450 de
605 2419 708 2453 latere
720 2418 923 2464 Legatorum
935 2447 945 2461 ‚
972 2425 1319 2471 Arehiepiscoporum
1331 2453 1339 2466 ‚
1364 2427 1395 2460 ὅ(
1409 2425 1648 2471 Episcoporum
1664 2453 1675 2466 ,
1699 2435 1737 2460 ac
1751 2421 1899 2458 Ordma-

387 2486 411 2504 μ
436 2463 475 2496 rii
488 2465 590 2515 etiam
608 2466 735 2511 proprii
753 2491 763 2504 ‚
785 2465 920 2503 deferre
933 2493 944 2506 ‚
969 2471 1000 2503 8(
1020 2471 1144 2516 gestare
1157 2497 1167 2510 ‚
1192 2473 1326 2520 illisque
1338 2473 1388 2507 uti
1404 2499 1414 2512 ,
1438 2484 1573 2508 necnon
1587 2472 1742 2508 omnibus
1756 2496 1766 2509 ‚
1785 2472 1815 2506 &
1833 2469 1896 2504 fin-

387 2534 410 2548 ,‚
435 2511 525 2554 gulis
542 2512 736 2559 privilegiis
759 2511 882 2547 ssmiles
896 2515 1075 2560 dignitates
1091 2519 1321 2554 obtinentibus
1344 2521 1382 2556 de
1404 2519 1496 2562 jure,
1523 2520 1602 2560 usu,
1625 2518 1895 2555 &consuetudi—

388 2581 410 2596 „
436 2568 476 2590 ne
489 2558 556 2592 ἃς.
570 2561 841 2604 competentibus
856 2560 1010 2598 {imiliter
1022 2565 1166 2611 gaudere
1177 2592 1187 2606 ,
1207 2568 1239 2601 8<
1254 2567 1348 2602 iicite
1364 2568 1458 2613 poffit
1470 2592 1480 2606 ,
1494 2579 1531 2601 ac
1544 2568 1657 2603 valeat
1669 2592 1690 2606 ‚‚
1704 2577 1743 2601 ac
1756 2565 1895 2601 demum

436 2605 693 2651 quibuscumque
712 2607 842 2643 statutis
858 2634 867 2647 ‚
895 2610 1189 2648 consuetudinibus
1209 2639 1218 2654 ‚
1244 2615 1434 2661 privilegiis
1447 2615 1590 2656 ejusdem
1602 2612 1820 2652 cathedralis
1834 2613 1898 2648 Ec-

433 2649 521 2686 cffiae
546 2653 744 2697 Apostolica
762 2657 967 2692 authoritate
981 2657 1184 2708 derogavit.
1778 2706 1795 2742 s

1714 2708 1774 2758 Epi
1792 2719 1854 2743 co-
