1874 2961
59 144 189 182 eminet
204 142 414 178 ornamento,
430 149 442 179 ς
460 133 646 184 Siquidem
664 130 883 180 postpositus
897 156 908 173 ‚
928 130 995 165 suae
1011 131 1156 167 nimium
1181 131 1294 168 fidens
1308 96 1519 177 doarinaeZ

59 195 104 232 ab
121 187 506 235 irrationabili-judicio
520 184 693 231 Episcopi
713 196 782 219 non
800 194 881 224 raro
898 182 1059 229 appellat
1076 196 1086 225 ς
1118 181 1308 230 Causaque
1340 185 1384 220 ad
1419 185 1521 231 judi-

57 258 131 284 cem
148 241 405 292 appellationis
419 238 537 274 delata
553 263 563 279 ‚
595 236 687 272 idem
702 245 802 278 totus
819 232 917 274 estin
934 233 1172 282 perquirenda
1191 236 1318 283 majori
1335 236 1516 279 dofitflna,

58 311 100 334 ac
117 294 318 345 reparando
334 291 538 340 gravamine
551 289 695 324 literato
711 287 845 323 homini
863 287 1027 331 irrogato
1043 314 1054 329 ‚
1072 285 1243 334 nusquam
1258 285 1412 322 liberato
1430 289 1520 323 alia-

57 360 135 387 rum
146 349 322 388 virtutum
340 341 496 391 pondere
512 366 523 380 ,
552 351 629 387 quae
663 340 698 375 in
713 339 917 387 appellante
945 337 1186 377 desiderantur
1203 350 1212 372 ε
1243 337 1462 386 Lugentque
1481 348 1521 374 ut

64 400 258 448 plurimum
276 395 408 441 vigiles
422 390 657 430 Ecclefiarum
670 390 846 427 antistites
865 389 998 424 exitum
1015 388 1215 438 hujusmodi
1236 388 1496 436 appellationis
1509 417 1519 432 ‚

58 452 253 499 intimeque
269 447 395 483 dolent
410 473 422 491 ,
438 443 628 481 Parochias
644 441 784 486 dotus,
805 453 876 478 non
892 441 986 489 aptis
1004 440 1228 483 Pastoribus,
1245 450 1285 476 ut
1300 438 1435 477 diflum
1453 440 1522 485 est,

54 501 227 553 regendas
241 499 418 536 committi
435 526 444 536 .

107 554 160 591 At
173 551 196 588 st
216 551 328 592 ludex
357 550 466 587 etiam
492 548 750 599 appellationis
783 546 913 596 (quod
930 558 1012 583 raro
1029 546 1149 585 evenit
1166 544 1184 593 )
1206 554 1342 583 tantum
1359 544 1522 583 tribuens

57 606 411 650 scientiae‚quantum
427 600 536 643 satis,
565 599 694 641 majori
712 627 722 642 ,
755 599 789 635 8<
810 599 1033 637 accuratiori
1049 598 1212 634 examine
1241 598 1400 647 inquirat
1416 622 1427 639 ‚
1459 599 1523 647 qui

55 667 173 696 mores
184 653 366 689 hominum
383 651 446 686 {int
459 678 470 693 ,
501 663 578 699 quae
594 652 757 698 gravitas
775 679 786 694 ,
804 651 993 697 prudentia
1006 677 1016 693 ‚
1046 651 1108 698 qui
1121 649 1270 698 suscepti
1301 659 1405 686 antea
1421 650 1522 686 labo.

59 721 137 750 ηε,
161 715 239 753 quae
255 705 428 741 virtutum
443 701 636 749 specimina
653 732 663 749 ,
681 715 759 751 quae
773 703 913 738 demum
930 703 1043 739 totius
1058 701 1228 738 anteaetae
1245 703 1326 738 vitae
1344 705 1522 749 rati0‚pa-

59 757 186 796 scendo
199 755 301 802 gregi
318 752 554 790 consentanea
570 768 581 794 ;
610 755 689 792 Tot
701 754 818 802 judici
830 754 1039 794 exhibentur
1053 752 1302 791 attestationes
1325 753 1371 790 ab
1388 753 1521 800 appel-

61 811 152 847 lante
164 818 207 846 ex
223 804 395 847 industria
412 806 572 849 collesftae
587 834 598 851 ‚
628 816 669 842 ut
683 833 693 849 ,
722 815 892 843 revocato
927 805 1134 854 Episcopali
1161 805 1302 852 judicio
1335 814 1518 853 tamquam

61 858 301 898 itrationabili
316 885 327 902 ,
344 869 412 894 non
428 866 593 897 vereatur
606 858 717 908 judex
733 856 935 899 succurrere
949 857 1061 894 eidem
1079 855 1276 904 appellanti
1292 881 1304 898 ,
1325 867 1431 903 quem
1446 864 1524 891 tam,

64 910 211 960 copiosa
229 935 239 953 ‚
270 918 416 959 tamque
427 909 620 958 conspicua
636 910 835 959 probitatis
845 909 1017 957 adjuvant
1033 907 1251 944 documenta
1266 935 1274 943 .

108 962 270 1000 Demum
286 973 365 997 cum
382 964 564 1010 praecipue
580 962 772 1010 Episcopis
787 989 797 1005 ‚
812 969 994 1008 tamquam
1011 961 1045 995 in
1063 959 1206 1007 specula
1221 955 1438 1000 constitutis,
1457 970 1524 1005 pa-

54 1021 153 1052 teant
169 1012 390 1058 subditorum
406 1015 563 1050 excessus
580 1040 591 1056 ‚
608 1014 817 1059 contingere
833 1011 921 1048 solet
933 1041 943 1056 ,
969 1022 1010 1049 ut
1025 1013 1059 1047 in
1075 1011 1248 1046 concursu
1276 1018 1347 1045 tam
1363 1008 1520 1058 inspeeta

60 1064 229 1106 scientia,
244 1076 351 1112 quam
362 1065 520 1102 moribus
537 1065 598 1101 ille
612 1065 760 1101 idoneus
777 1063 822 1099 ab
841 1063 1162 1100 Exa-minatoribus
1183 1062 1403 1102 renuntietur
1419 1088 1430 1104 ,
1458 1062 1516 1095 cui

5 1134 8 1136 v
59 1117 154 1157 foeda
172 1116 295 1164 aliqua
313 1117 392 1152 vitii
406 1116 506 1153 labes
523 1142 532 1157 ‚
564 1128 606 1153 ac
621 1116 778 1153 criminis
806 1116 947 1152 macula
973 1113 1100 1163 injusta
1130 1113 1170 1149 sit
1184 1141 1196 1158 ‚
1215 1112 1381 1149 omnibus
1398 1140 1408 1156 ‚
1437 1122 1521 1160 prae·

57 1178 220 1217 terquam
238 1166 419 1216 Episcopo
435 1195 445 1212 ,
465 1169 610 1206 occulta
627 1197 636 1205 .
666 1168 707 1204 Si
726 1166 928 1215 Episcopus
940 1167 1035 1216 justa
1052 1165 1218 1203 suadente
1246 1165 1347 1201 causa
1368 1164 1519 1201 crimine

54 1231 125 1259 non
142 1218 305 1259 revelato
323 1244 335 1262 ,
353 1220 501 1257 eundem
516 1220 742 1257 criminosum
767 1219 902 1256 tacitus
934 1217 1144 1266 praeterierit
1159 1243 1171 1259 ‚
1190 1219 1370 1265 aliumque
1388 1217 1519 1250 immu-

51 1283 131 1309 nem
146 1281 166 1309 a
180 1268 281 1306 sorde
303 1273 528 1318 praeelegerit
547 1286 556 1311 ε
574 1272 676 1308 Illico
690 1268 904 1319 postpositus
916 1269 1308 1314 fimulat0.gravamine
1336 1274 1517 1315 provocat

53 1323 99 1359 ad
114 1321 343 1373 Superiorem
354 1322 514 1370 judicem
530 1324 689 1362 criminis
705 1324 896 1367 ignarum,
927 1321 962 1356 8<
980 1316 1150 1359 consueto
1163 1319 1320 1365 diffugio
1356 1317 1518 1366 appella-

53 1373 168 1410 tionis
183 1372 346 1413 evehitur.
358 1374 401 1411 ad
416 1375 593 1421 pastorale
608 1373 861 1420 fastigiumqui
879 1384 947 1408 non
967 1370 1089 1419 potest?
1099 1370 1280 1406 consulere
1296 1367 1520 1418 popu10‚sed<

53 1435 182 1465 nocere
199 1450 215 1468 ‚¹
239 1437 304 1460 nec
320 1425 483 1474 praestare
499 1428 657 1473 regimen
673 1451 684 1468 ,
712 1424 766 1460 sed
783 1432 912 1469 augere
927 1422 1112 1459 discrimen
1130 1448 1140 1458 .

68 1517 73 1523 ,
104 1475 166 1514 Ne
181 1476 298 1522 igitur
310 1478 471 1523 improbi
484 1479 616 1526 ingenii
632 1477 792 1515 homines
807 1474 1002 1511 remedium
1019 1472 1275 1521 appellationis
1299 1472 1342 1508 ad
1370 1470 1513 1518 iustitias

53 1526 250 1578 praefidium
265 1528 461 1565 institutum
478 1557 490 1573 ‚
508 1530 635 1567 callide
646 1528 841 1565 traducant
856 1526 898 1562 ad
915 1525 1116 1574 iniquitatis
1132 1523 1364 1560 defensionem
1382 1537 1391 1559 ε
1409 1522 1525 1570 Opti-..

53 1591 151 1617 mum
163 1577 263 1614 fac‘tu
280 1580 459 1627 aliquibus
476 1581 619 1618 fortaffe
634 1579 815 1618 videretur
831 1603 842 1620 ‚
872 1577 894 1612 sl
910 1577 1154 1626 appellatione
1183 1577 1315 1625 quavis
1345 1575 1484 1612 sublata
1501 1601 1521 1617 ,¹

48 1642 144 1683 ¹cura
158 1631 373 1678 praeficiendi
389 1632 568 1669 Restores
583 1633 777 1668 animarum
791 1629 936 1680 prorsus
951 1629 1212 1676 relinqueretur
1229 1626 1438 1674 Episcopis‚
1458 1636 1520 1661 ra-

56 1683 441 1722 tionemvillicationis
455 1685 521 1724 suoe
535 1682 808 1730 Christojudici
839 1691 977 1720 tantum
1008 1679 1229 1718 reddituris.
1263 1678 1398 1717 Verum
1414 1677 1516 1712 nullo

53 1734 164 1783 pac'to
182 1735 334 1781 probare
347 1734 383 1770 id
400 1735 705 1784 poffumus,quod
721 1733 966 1773 adversaretur
983 1732 1092 1769 menti
1110 1730 1275 1767 Concilii
1291 1728 1514 1770 Tridentini,

54 1788 166 1823 tacite
179 1787 418 1834 permittentis
434 1787 714 1836 appellationem
731 1787 765 1821 in
775 1785 989 1833 devolutivo
1006 1796 1026 1819 a
1042 1783 1136 1817 mala
1149 1783 1324 1819 relatione
1337 1779 1514 1815 examina-

53 1845 169 1874 torum
185 1865 196 1880 ‚
229 1839 532 1886 quemadmodum
546 1839 690 1874 innuere
718 1838 887 1874 videntur
915 1834 1027 1872 verba
1052 1833 1117 1868 illa
1133 1845 1143 1868 z
1161 1832 1246 1870 Nec
1269 1831 1518 1880 praedifforum

57 1890 359 1927 Examinatorum
377 1891 784 1937 relationem‚quominus
801 1889 1070 1935 exequutionem
1086 1885 1220 1922 haheat
1239 1910 1250 1925 ‚
1277 1883 1352 1920 ulla
1367 1882 1521 1920 devolu-

56 1942 137 1978 tivo
151 1966 167 1984 ‚y
183 1942 221 1983 ὦς’
238 1941 438 1990 appellatio
455 1970 467 1984 ‚
499 1944 611 1979 etiam
624 1943 670 1977 ad
686 1941 811 1977 Sedem
828 1937 1070 1987 Apostolicam
1090 1962 1100 1978 ‚
1125 1937 1205 1984 βενε
1227 1935 1383 1984 ejusdem
1411 1934 1524 1971 Sedis-

59 1992 216 2039 Legatos.
233 2020 245 2036 ‚
262 2004 329 2029 aut
348 1995 398 2032 V
394 1994 584 2040 icelegatos
595 2019 607 2033 ,
633 2003 697 2028 aut
718 1993 885 2031 Nuncios
898 1990 988 2036 ,seu
1006 1989 1196 2037 Epzscopos
1212 2012 1222 2028 ‚
1250 1996 1314 2022 aut
1331 1985 1522 2031 Metropo-

59 2043 194 2081 limnas
209 2069 221 2086 ‚
240 2044 437 2090 Primates,
452 2046 511 2085 vel
527 2044 767 2091 Patriarchas‘
779 2040 990 2090 interposita
1005 2042 1202 2088 impediat,
1225 2047 1288 2072 aut
1298 2036 1519 2084 suspendat.

57 2095 132 2131 Cui
149 2093 319 2130 sanekiori
335 2095 523 2143 respondet
541 2097 650 2132 etiam
666 2093 890 2133 Constitutio
921 2091 1030 2130 Piana
1049 2118 1058 2133 ,
1090 2091 1283 2126 admittens
1307 2087 1519 2139 appellatio-

56 2146 189 2184 tionem
204 2148 238 2181 in
255 2147 468 2184 devolutivo
481 2147 524 2182 ab
541 2147 784 2182 irrationabili
796 2145 936 2193 judicio
956 2142 1128 2193 Episcopi
1148 2169 1163 2180 ,,

110 2197 198 2247 Q
213 2198 258 2234 de
274 2210 324 2241 re,
345 2208 384 2234 ut
399 2199 433 2233 in
446 2198 647 2246 hujusmodi
660 2198 812 2244 negocio
828 2204 907 2243 apte
923 2195 1043 2230 omnia
1058 2221 1069 2238 ‚
1087 2203 1195 2241 atque
1207 2189 1402 2238 compofite
1419 2200 1520 2235 pera-

58 2258 187 2296 gantur
202 2277 212 2293 ,
240 2249 366 2288 Officii
384 2246 504 2285 nostri*
519 2249 583 2285 effe
599 2250 764 2287 duximus
782 2275 793 2292 ‚
811 2259 889 2284 cum
909 2244 1014 2283 vobis
1029 2273 1040 2289 ‚
1073 2246 1167 2283 Ven.
1182 2242 1324 2281 Fratres
1350 2240 1522 2288 gerenda-

60 2312 137 2340 rum
159 2313 274 2338 rerum
291 2301 448 2338 ordinem
465 2300 690 2349 praescribere
707 2328 718 2344 ‚
737 2311 843 2351 quem
861 2300 977 2344 longo
993 2297 1053 2333 usu
1069 2297 1193 2335 utilem
1221 2295 1438 2341 agnovimus
1465 2292 1523 2329 in·-

62 2350 250 2391 stituendis.
267 2354 463 2390 animarum
481 2352 705 2394 Re&oribus
721 2379 732 2395 ‚
762 2351 826 2401 qui
843 2351 980 2390 credito
990 2347 1051 2385 sibi
1067 2348 1187 2394 Gregi
1201 2345 1338 2395 praeeffe
1350 2372 1361 2388 ,
1382 2344 1417 2380 8<
1435 2353 1529 2394 pron

62 2402 150 2441 desse
166 2403 293 2452 pollint
309 2433 318 2444 .

85 2457 97 2486 l
120 2455 148 2492 Ι.
205 2456 436 2505 Episcopus,
448 2460 574 2496 habita
589 2458 716 2495 notitia
731 2455 936 2497 vacationis,
951 2450 1115 2490 Ecclesia}
1127 2478 1137 2494 ‚
1154 2450 1270 2488 statim
1285 2475 1296 2491 ‚
1317 2446 1362 2483 ad
1373 2444 1530 2505 prxscrk

66 2514 168 2553 ptum
184 2507 413 2553 Tridentini,
432 2512 598 2548 idoneum
617 2511 650 2546 in
666 2521 705 2545 ea
721 2509 870 2554 deputet
884 2505 1084 2544 Vicarium‚
1102 2514 1180 2538 cum
1197 2509 1359 2546 congrua
1374 2508 1452 2545 ejus
1469 2509 1520 2532 ar-

67 2557 179 2594 bitxio
197 2559 378 2599 fruetuum
394 2563 570 2609 portionis
586 2559 897 2606 affignatione‚qui
914 2568 1021 2593 onera
1036 2553 1147 2602 ipslus
1164 2551 1325 2590 Ecclesiae
1339 2548 1526 2596 sustineat²

67 2609 182 2648 donec
196 2612 228 2645 ei
245 2611 288 2646 de
311 2613 467 2651 RcGtore
486 2613 738 2662 provideatur.

120 2661 169 2701 ll.
226 2662 581 2714 Publicoevulgetur
592 2663 713 2701 edifto
729 2662 859 2701 notitia
875 2658 1069 2699 concursus
1085 2682 1096 2700 ‚
1115 2667 1274 2704 congruo
1288 2681 1300 2698 ‚
1327 2652 1358 2689 ἂ
1376 2648 1527 2749 3δίξῖῑὲ
