1874 2961
25 139 89 223 F
108 134 379 172 AVENTlNA
406 137 742 175 REDUCTIPNIS
769 137 1052 178 MlSsARUM:
1084 142 1265 188 Hospitale
1284 108 1547 180 infamiunffix·
1585 149 1658 194 Seff.
1675 158 1728 194 25.
1754 155 1825 189 c.4·

118 182 298 233 positorum
315 209 325 222 ‚
350 184 442 237 quod
457 185 563 233 vulgo
576 196 792 233 nuncupatur
808 195 932 224 Domus
950 193 1016 225 Dei
1029 192 1194 227 Civitatis
1211 192 1407 228 Faventini:
1423 220 1431 232 ,
1453 193 1547 236 lerga-
1584 196 1621 233 de
1635 192 1712 244 ἦρί.

74 245 114 270 to
128 230 249 265 habito
268 228 450 268 aCamillo
464 233 637 269 Corvinio
651 246 741 268 anno
759 245 1044 280 159i.oneratum
1054 237 1165 273 suerat
1183 267 1191 274 ,
1211 248 1247 274 ut
1277 251 1413 275 curaret
1433 251 1545 275 annua

78 286 174 319 Sacra
197 279 320 314 decem
351 279 402 326 agi
434 279 467 314 in
493 290 690 326 perpetuum
716 282 750 316 in
772 281 916 316 Ecclesia
930 282 993 317 ΡΙ).
1013 285 1046 318 S.
1063 285 1242 331 Augustini
1258 286 1545 331 congr-:gationis

76 326 286 366 Lombardiae
303 326 448 368 ejusdem
463 325 632 363 Civitatis
649 352 658 362 .
684 330 727 363 Ex
745 329 994 365 testamentaria
1017 331 1236 376 dispositione
1261 333 1375 374 Jacobi
1402 334 1545 369 Catenae

76 388 166 412 anno
183 382 371 410 1612.0nus
383 375 528 409 alterum
544 376 684 410 habebat
700 404 706 415 ,
722 385 758 411 ut
773 387 926 422 ageretur
943 378 1223 415 Anniversarium
1239 389 1442 426 perpetuum
1460 381 1545 415 duo—

74 424 188 460 decim
203 422 379 457 Sacrorum
396 420 530 467 singulis
545 423 766 458 Hebdomadis
783 424 816 457 in
832 424 947 458 eadem
962 425 1103 461 Ecclesia
1117 425 1181 462 Pi’.
1194 428 1226 466 S.
1246 427 1426 471 Augustini
1444 451 1452 459 .
1473 428 1541 461 lm-

77 473 259 519 plebantur
282 476 426 513 utraque
447 479 550 505 onera
575 469 742 504 solutione
765 482 874 506 annua
901 481 998 507 certae
1022 473 1181 519 quantita
1209 466 1431 519 pecuniarum
1462 501 1470 512 ,
1510 475 1541 508 ὅ(

77 531 180 556 cerae=
207 517 310 550 Anno
334 526 416 549 vero
435 517 530 562 1685·-
547 516 678 564 placuit
698 518 964 553 conventionem
980 520 1069 555 inire
1083 521 1172 556 inter
1191 521 1369 567 Hospital:
1384 547 1394 560 ,
1419 524 1450 556 &
1478 520 1542 556 1²1².

77 567 111 602 S.
126 563 307 612 Augustini
323 563 500 607 impetrata
517 563 650 599 veniam
665 565 735 598 Sac.
748 562 1037 611 Congregationis
1051 567 1287 613 Episcoporurn
1304 595 1313 608 ‚
1337 569 1368 603 8<
1388 568 1542 614 Regula-

75 613 164 649 rium
181 610 329 658 negociis
345 609 526 657 praepofitn:
540 638 547 649 ,
577 621 644 657 qua
657 610 830 656 Hospitale
845 612 986 647 tradidit
1002 612 1154 650 Patribus
1170 616 1406 652 Latisundium
1420 607 1542 650 eorum

74 661 174 696 bonis
192 659 441 693 conterminum
454 685 463 697 ,
489 658 602 692 Patres
616 668 695 692 vero
709 657 917 703 susceperunt
932 671 1035 698 onera
1051 661 1227 699 Sacrorum
1242 692 1250 703 ,
1276 664 1448 698 contracta
1480 662 1542 697 ob-

80 708 242 754 ligatione
259 706 300 739 ab
316 704 429 739 iisdem
445 703 604 739 Patribus
619 704 821 740 monstrandi
836 708 1017 752 quotannis
1033 708 1220 754 Hospitalis
1235 708 1420 755 Praepositis
1447 708 1542 743 testi—

76 751 418 799 inoniainiplementi
433 777 443 790 ,
464 751 661 799 adjectoque
683 753 722 786 ab
738 751 907 798 Hospitali
932 753 1083 801 expresso
1108 759 1204 800 pasto
1230 757 1416 794 resolutivo
1440 757 1541 799 hujus

75 799 314 838 conventionis
332 824 340 837 ‚
365 799 396 834 &
416 798 607 833 traditionis
623 797 810 833 Latifundii
825 826 834 838 ‚
860 799 1008 837 fil’atres
1024 801 1203 839 deficerent
1231 817 1264 839 in
1281 804 1506 848 implemento
1525 827 1537 837 .

75 850 157 885 Hoc
169 845 287 882 ordine
303 857 411 880 rerum
424 854 565 881 ventum
589 844 633 880 est
646 845 688 880 ad
707 845 844 882 ultimos
859 849 1042 884 transactos
1055 861 1157 885 anno-s
1173 865 1182 889 ς
1209 851 1368 886 Tandem
1386 848 1532 896 requisi-

76 896 104 931 ti
120 895 258 931 Patres,
283 894 429 935 utjuxta
457 894 564 939 legem
591 893 828 928 conventionis
853 895 1070 932 monstrarent
1091 908 1231 933 onerum
1249 899 1505 941 implementum
1529 924 1540 937 ‚

74 941 254 979 ediderunt
268 940 468 985 rescriptum
483 940 617 987 Optimi
633 941 848 986 Maximique
863 941 1036 978 Pontificis
1051 942 1220 980 Benedicti
1237 944 1335 980 Xlll.
1352 970 1361 983 ‚
1388 956 1457 990 quo
1488 943 1540 979 sa-

73 1001 130 1026 cra
143 990 261 1026 decem
280 987 321 1021 ad
335 996 482 1033 quatuor
496 1014 505 1027 ‚
530 988 561 1022 &
579 987 669 1023 sacra
680 988 858 1024 duodecim
869 1015 879 1028 ‚
903 1002 976 1036 quae
987 990 1136 1038 qualibet
1151 992 1352 1027 hebdomada
1366 992 1422 1038 agi
1437 991 1540 1026 debe-

72 1037 155 1073 bant
169 1059 179 1075 ,
204 1035 247 1071 ad
266 1039 341 1081 198.
354 1034 492 1082 singulis
508 1035 605 1070 annis
619 1035 851 1081 redigebantur
867 1066 873 1072 .

28 1084 227 1120 Commovit
245 1083 312 1117 haec
337 1093 386 1116 res
413 1083 560 1117 animum
575 1082 828 1127 Praepofitorum
857 1086 1041 1131 Hospitalis
1063 1115 1072 1127 ‚
1097 1089 1155 1134 qui
1182 1100 1267 1135 :egre
1301 1087 1446 1123 serentes
1464 1112 1473 1124 ‚
1499 1095 1537 1121 ut

73 1132 190 1166 Patres
208 1129 442 1165 Latifundium
455 1129 663 1164 uberrimum
680 1130 887 1172 retinerent,
912 1146 975 1168 non
992 1147 1076 1171 vero
1094 1128 1275 1181 impler‘ent
1289 1146 1393 1169 onera
1407 1161 1416 1174 ,
1434 1143 1540 1179 atque·

73 1179 123 1215 ita
137 1177 367 1213 fraudarentur
385 1177 450 1223 pin:
463 1175 701 1223 dispositiones
724 1176 880 1220 Corvinii
897 1206 906 1219 ‚
929 1181 961 1215 &
988 1182 1128 1217 Catene
1154 1210 1163 1223 ‚
1197 1194 1307 1227 preces
1332 1182 1534 1218 obtulerunt
1553 1196 1565 1205 ·

73 1225 303 1261 Sacratiffimo
318 1223 467 1270 Priricipi
484 1249 493 1261 ‚
512 1224 631 1269 quibus
655 1226 836 1259 narrabant
850 1225 936 1261 fallis
961 1227 1229 1276 suggestionibus
1256 1231 1532 1264 circumventum

73 1271 169 1309 fuisse
183 1274 356 1308 Summum
370 1270 569 1306 Pontificem
585 1270 793 1306 Renedetum
808 1271 907 1308 Xlll.
925 1274 1017 1310 Data
1045 1276 1106 1311 suit
1132 1275 1352 1319 Ampliffiinis
1378 1274 1535 1311 Patribus

72 1319 177 1357 causae
192 1319 287 1361 hujus
299 1318 452 1363 cognitio
466 1344 474 1356 ,
501 1319 531 1352 &
549 1318 665 1353 audito
681 1344 690 1357 ,
715 1328 751 1353 ut
776 1316 848 1354 fieri
873 1320 981 1363 solet,
1003 1322 1169 1369 Episcopo
1193 1322 1388 1357 Faventino
1402 1350 1409 1362 ,
1436 1331 1536 1366 urget

71 1379 161 1404 nunc
174 1365 352 1412 Hospitale
362 1365 591 1401 detninutioni
605 1365 683 1400 huic
697 1365 866 1401 sacrorum
882 1368 992 1404 locum
1006 1382 1068 1404 non
1089 1369 1153 1404 esse
1168 1396 1177 1409 ,
1204 1383 1281 1405 cum
1301 1397 1309 1410 ‚
1334 1381 1403 1404 non
1416 1376 1535 1414 agitur

70 1417 111 1451 de
124 1414 373 1449 testamentaria
387 1437 397 1450 ‚
419 1411 526 1447 sedde
539 1413 796 1447 conventionali
812 1414 1026 1459 dispositione
1045 1445 1052 1456 ,
1078 1429 1145 1463 qua
1160 1417 1234 1452 casu
1248 1444 1257 1455 ,
1289 1428 1367 1451 cum
1392 1427 1476 1450 onus
1489 1426 1534 1449 ex

71 1462 248 1504 contradu
271 1460 459 1506 susceptum
473 1459 511 1494 stt
527 1487 535 1499 ‚
552 1461 643 1494 locus
656 1459 719 1494 esse
732 1471 797 1494 non
811 1461 918 1505 potest
931 1465 1133 1499 redustionis
1148 1491 1156 1501 ,
1183 1473 1220 1498 ut
1241 1463 1438 1508 praeceteris
1465 1472 1536 1496 tra-

69 1511 152 1545 dunt
171 1510 265 1544 eard.
277 1510 315 1544 de
333 1514 419 1542 Luca
433 1505 514 1550 desc.
527 1517 579 1552 33.
594 1507 742 1550 Mescell·
757 1509 876 1547 Ecclefi
891 1522 908 1542 n
922 1523 1015 1552 (ης.
1031 1510 1451 1557 Peg.÷1.zt22ll.conl71lt,69.
1468 1521 1536 1545 nn..

73 1562 195 1592 ton2.6.
213 1554 355 1590 Nullam
367 1552 430 1588 effe
445 1554 610 1588 rationem
630 1578 639 1591 ‚
661 1554 702 1587 ob
713 1564 813 1599 quam
829 1554 996 1602 indulgeri
1019 1560 1166 1602 potuerit
1195 1558 1370 1594 reducum
1400 1557 1539 1590 Fructus

71 1605 184 1643 enim,
207 1601 419 1647 redditusque
436 1600 574 1646 praedii,
599 1601 630 1635 ὅ(
649 1600 835 1635 Laxifuniii
853 1603 950 1646 longe
975 1605 1146 1640 excedunt
1168 1617 1292 1642 onera,
1317 1616 1387 1650 que
1418 1603 1536 1638 Patres

72 1650 286 1697 susceperunt
301 1675 310 1688 2
338 1648 404 1682 imo
420 1675 428 1687 ‚
453 1647 512 1682 etfi
524 1647 600 1682 satis
615 1659 685 1681 non
704 1646 808 1682 essent
823 1676 830 1688 ‚
857 1648 914 1684 fibi
926 1650 1091 1695 imputare
1106 1652 1218 1686 Patres
1231 1653 1390 1686 deberent
1408 1677 1417 1689 ,
1444 1650 1536 1695 quod

69 1698 160 1733 hanc
171 1696 415 1741 obligationem
428 1695 633 1739 susceperint
648 1719 658 1729 .
680 1693 852 1729 Caeterum
867 1699 921 1738 Jus
935 1697 993 1738 fibi
1010 1698 1073 1733 esse
1085 1699 1230 1746 disputat
1248 1697 1424 1743 Hospitale
1440 1698 1537 1738 iuxta

72 1747 206 1791 paClum
217 1742 404 1789 expressum
419 1742 643 1777 conventioni
657 1743 818 1784 adiectum
834 1744 1013 1779 revocandi
1029 1745 1260 1780 Latifundium
1276 1772 1283 1783 ,
1308 1754 1344 1779 ut
1362 1743 1534 1779 volunta-

71 1801 140 1827 tem
154 1791 368 1826 Testatoruin
385 1789 528 1835 implere
544 1788 659 1833 possit:
688 1791 720 1824 A
731 1789 889 1826 Patribus
901 1792 990 1827 nihil
1003 1793 1199 1828 habuimus:
1224 1791 1380 1828 Dubium
1395 1790 1442 1838 est
1457 1818 1466 1827 .

30 1842 93 1879 An
107 1840 260 1881 redufZio
271 1839 464 1887 Mtffarum
471 1837 726 1887 substineatur
741 1841 780 1875 in
800 1840 879 1887 casu
893 1846 960 1883 &a

200 1954 386 2006 Dilata
404 1953 469 2003 ad
493 1953 725 2019 primam
743 1956 866 2022 post
885 1973 1048 2024 aquas
1069 1995 1082 2007 .

109 2084 401 2122 OROLIVIEN.
434 2082 925 2123 CAPPELLANIARUM':
947 2083 1169 2124 Testamento
1198 2100 1266 2135 quo
1293 2087 1430 2124 decessit
1453 2095 1544 2121 anno
1584 2099 1668 2139 sess·
1687 2107 1740 2143 25.
1756 2110 1807 2141 c4

118 2139 214 2170 1680.
233 2133 378 2174 Joannes
392 2132 581 2168 Severolius
595 2133 752 2170 Sacerdos
766 2134 1007 2169 foroliviensis
1021 2160 1030 2173 ‚
1056 2146 1094 2169 ut
1105 2134 1245 2170 defectis
1260 2134 1449 2171 haeredibus
1464 2133 1542 2167 scri·
1581 2146 1618 2181 de
1632 2147 1701 2191 Ref-
1775 2129 1782 2137 '
1812 2127 1821 2138 ⁰

71 2183 140 2230 ptis
152 2193 236 2230 quos
251 2181 285 2215 iri
302 2180 474 2215 usufruflu
487 2188 618 2230 tantum
631 2179 820 2217 instituerat
834 2205 844 2219 ,
869 2182 1076 2227 erigerentur
1088 2194 1132 2217 ex
1145 2183 1238 2217 bonis
1255 2183 1321 2218 suis
1336 2209 1344 2221 ,
1379 2194 1418 2217 ac
1444 2184 1543 2215 dota-

69 2239 187 2266 rentur
209 2232 282 2266 duae
297 2226 529 2275 Cappellaniae
542 2226 680 2262 laicales
697 2229 800 2264 altera
813 2230 852 2263 ad
867 2230 954 2264 Aare
969 2228 1160 2265 Sanfflffimi
1175 2229 1356 2265 Salvatoris
1371 2228 1405 2263 in
1419 2227 1541 2262 Eccle-

70 2277 116 2313 fia
128 2277 327 2319 S.Ju1iani,
355 2275 459 2311 altera
486 2275 524 2308 ad
539 2273 664 2309 Altare
680 2275 711 2310 S.
725 2276 871 2311 Martini
885 2277 918 2311 in
931 2275 1076 2311 Ecclesia
1089 2277 1280 2312 Patochiali
1307 2275 1464 2319 ejusdem
1476 2274 1538 2309 Ci-

68 2325 192 2362 vitatis
207 2352 217 2365 ,
244 2333 348 2369 utque
364 2322 561 2367 amplifllma
585 2319 728 2359 facultas
754 2323 834 2358 esset
856 2323 971 2369 Equiti
998 2323 1148 2358 Merlino
1163 2349 1172 2361 ‚
1194 2324 1329 2370 ejusque
1351 2322 1540 2358 haeredibus

72 2371 301 2409 constituendi
327 2369 475 2406 arbitrio
491 2368 549 2403 suo
565 2393 574 2406 ,
601 2371 633 2405 ὅ(
647 2369 911 2416 independenter
923 2370 968 2405 ab
979 2370 1138 2416 Episcopo
1151 2383 1326 2408 numerum
1348 2371 1518 2406 sacrorum
1529 2395 1540 2409 ,

71 2431 142 2465 quae
157 2431 254 2466 agere
263 2418 464 2465 Cappellani
478 2426 675 2453 tenerentur
689 2430 699 2455 3
725 2417 910 2454 Defunffls
923 2415 1170 2453 usufruCtuariis
1186 2447 1195 2459 ‚
1209 2419 1334 2454 Comes
1354 2417 1536 2463 l'hilippus

70 2465 256 2501 Merlinius
282 2465 412 2511 Equitis
426 2491 436 2504 ,
460 2466 518 2509 qui
543 2464 666 2500 dudum
682 2466 812 2507 objerat
827 2492 837 2506 ,
853 2463 944 2500 filius
962 2491 972 2504 ‚
998 2464 1073 2500 usus
1089 2467 1290 2501 auctoritate
1320 2478 1337 2500 a
1362 2464 1540 2499 Testatore

71 2513 172 2553 data,
196 2513 312 2549 statuit
335 2511 478 2557 singulos
493 2511 728 2559 Cappellanos
746 2513 836 2548 sacra
856 2512 912 2547 sex
942 2512 1096 2558 quolibet
1123 2512 1232 2548 mense
1263 2524 1363 2560 agere
1390 2512 1539 2546 debere:

72 2558 185 2604 Lapsu
208 2559 372 2608 temporis
385 2586 395 2599 ,
422 2558 524 2594 aunis
539 2560 732 2595 redditibus
746 2560 918 2594 Bonorum
934 2585 944 2599 ‚
969 2559 1094 2594 censuit
1109 2560 1196 2595 idem
1212 2561 1339 2596 Comes
1360 2558 1537 2603 Philippus

71 2607 190 2643 habita
205 2606 420 2655 proportione
432 2608 622 2653 augendum
637 2618 769 2652 quoque
784 2606 847 2641 esse
862 2618 1037 2641 numerum
1052 2607 1219 2643 sacrorum
1233 2635 1243 2648 ,
1269 2609 1299 2643 δι
1326 2606 1464 2654 publico
1491 2604 1542 2638 in-

70 2654 260 2690 strumento
284 2654 409 2701 viginti
434 2655 601 2689 sacrorum
627 2666 804 2689 numerum
833 2653 995 2689 definivit
1013 2680 1020 2688 .
1044 2656 1148 2691 Anno
1180 2657 1326 2690 nondum
1351 2651 1516 2702 transaCto
1535 2676 1545 2689 ,

71 2702 195 2737 audito
210 2701 307 2737 unius
321 2728 330 2741 ‚
356 2701 417 2736 vel
441 2702 583 2738 alterius
596 2701 774 2747 Theologi
789 2701 930 2737 consilio
945 2726 957 2740 ,
978 2700 1240 2737 instrumentum
1258 2703 1320 2737 huc
1341 2707 1517 2737 revocavit
1534 2724 1545 2737 ,

69 2749 264 2795 iterumque
278 2752 317 2784 ad
341 2748 508 2785 senarium
523 2760 700 2787 numerum
715 2747 801 2786 sacra
814 2751 939 2796 agenda
955 2749 1092 2830 rgdegit
1105 2779 1114 2787 .
1140 2750 1248 2786 Paulo
1270 2749 1344 2798 post
1360 2748 1383 2783 E
1394 2745 1546 2826 pgcgpus

212 2801 392 2834 Tom.XVI.
1450 2803 1461 2826 1
