1874 2961
97 141 378 189 QSNANIEN.
404 141 740 182 VISITATIONIS
766 142 1045 180 SACRORUM
1075 142 1303 182 LlMlNUM
1330 161 1340 182 ε
1366 114 1503 195 ῙΞρίίῑῑοδῖ
1562 149 1750 192 §esum-ca.

124 203 189 240 pus
206 190 442 231 Posnaniensis
457 221 466 233 ,
493 195 523 229 ἂ
539 191 770 230 Varsaviensis
786 192 820 226 in
840 190 1044 226 Visitatrone
1057 192 1146 228 Sacr.
1165 192 1335 230 Liminum
1351 197 1503 232 Sanctam
1539 191 1641 224 denes.
1654 193 1753 222 Matr.

77 241 195 277 Sedem
212 239 447 287 Apostolicam
463 250 565 286 rogat
579 252 640 287 pro
656 239 852 276 resolvendo
867 239 942 274 casu
958 238 1175 287 infrascripto
1192 242 1225 276 in
1239 241 1394 278 Civitate
1410 246 1506 280 Var-

77 287 218 325 savienfi
232 287 424 334 frequenti,
448 300 546 334 quem
571 301 630 324 nos
646 287 756 323 verbis
775 287 875 334 ipsius
896 287 1049 321 dabimus
1064 307 1082 312 -
1097 313 1120 328 ‚2
1145 291 1280 324 Sacrum
1297 289 1505 327 Concilium

79 362 101 378 „
127 335 400 376 Tridentinum,
427 335 564 376 statuit,
590 346 628 371 ut
651 334 884 371 Matrimoniis
907 333 1027 369 assistat
1053 336 1204 381 proprius
1223 341 1322 372 unius
1370 339 1423 373 scu
1451 340 1506 372 al-

80 411 104 427 „
132 387 237 420 terius
256 383 537 420 contrahentium
561 384 730 419 Parochus
745 408 754 422 ‚
782 383 836 417 bic
868 391 982 417 autem
1011 394 1029 417 a
1052 383 1123 425 jure
1137 384 1262 428 duplex
1285 383 1349 420 esse
1369 386 1506 420 videtur

79 459 103 476 „
126 433 215 468 alter
227 430 390 478 originis,
417 434 448 466 ὃ(
475 431 561 466 alter
573 429 763 466 domicilii:
790 441 867 466 cum
893 440 974 465 vero
998 429 1038 464 ad
1064 432 1273 477 praesentiam
1285 432 1317 467 S.
1335 431 1506 475 R.Maje-

81 508 105 523 „
129 479 223 516 statis
240 477 409 514 Varsaviae
430 478 546 522 plures
571 478 780 514 conveniunt
796 479 973 524 Magnates
992 488 1035 512 ex
1060 479 1167 514 variis
1184 479 1298 526 Regni
1327 479 1482 515 Partibus
1498 507 1509 523 ,

81 555 105 570 ,,
129 527 189 573 qui
203 526 328 561 habent
346 525 478 562 Palatia
494 526 670 562 Varsaviae
694 525 754 560 sita
768 553 778 566 ,
804 526 931 571 illaque
952 533 1049 560 tanto
1077 534 1233 573 tempore
1247 552 1258 567 ,
1282 536 1408 576 quanto
1426 526 1506 564 Rex

81 602 105 618 „
129 573 304 611 Vars'aviae
322 573 441 609 residet
457 599 468 613 ,
494 571 689 609 inhabitant
704 600 712 613 ,
739 575 770 608 &
798 585 839 608 ex
865 573 925 607 iila
950 573 1096 618 longiori
1116 573 1284 610 interdum
1307 574 1507 610 Residentia

83 649 107 666 „
129 620 346 658 domicilium
366 649 376 662 ,
402 621 433 656 &
461 621 658 656 Parochiam
673 621 876 656 contrahunt
900 647 910 660 ‚
936 622 1150 657 Sacramenta
1173 623 1211 657 de
1238 622 1412 669 Praecepto
1440 621 1509 657 Ec-

84 697 107 712 „
131 668 238 705 clesite
256 668 290 703 in
305 667 460 704 Ecclesiis
475 667 732 704 Parochialibus
744 669 961 715 percipiunt,
986 667 1134 704 intentio
1157 669 1297 706 illorum
1318 669 1508 705 residentiae

84 745 107 758 ‚,
129 718 161 753 δι
176 714 468 752 Commorationis
491 715 526 750 in
542 716 600 750 ista
615 716 770 751 Civitate
786 727 852 751 non
867 714 912 750 est
925 716 1152 752 determinata
1165 742 1174 756 ‚
1200 726 1239 753 ut
1262 717 1302 753 sit
1316 726 1480 765 perpetua
1496 742 1508 756 ‚

84 792 109 807 „
133 764 189 800 vel
204 763 243 798 ad
260 771 390 807 tempus
406 788 416 801 ‚
441 773 519 797 cum
536 763 594 798 illa
609 775 626 798 a
643 767 748 809 gratia
764 763 894 810 Regis,
919 764 949 797 &
974 763 1179 799 determinio
1203 766 1417 811 negotiorum
1443 764 1500 798 de-

84 839 108 854 „
130 810 276 859 pendeat
290 836 301 849 ,
331 810 362 846 &
390 808 427 845 in
447 810 643 846 universum
658 811 840 858 Magnates
868 809 1017 847 Poloniae
1036 810 1218 857 praesertim
1240 814 1326 847 bona
1352 814 1386 847 in
1402 811 1508 847 variis

84 885 107 900 „
134 855 349 895 Dioecesibus
373 858 537 894 habentes
560 870 742 905 numquam
768 860 893 896 habent
918 857 1082 896 firmam'‚
1109 858 1139 891 δι
1165 859 1424 895 determinatam
1450 858 1509 894 sub

84 932 108 948 ‚,
131 916 198 942 una
215 904 381 941 Parochia
409 903 648 946 residentiam,
673 906 726 942 sed
741 908 838 943 modo
863 906 918 941 hic
933 931 944 945 ,
964 904 1073 940 ‘modo
1101 905 1184 941 alibi
1206 916 1269 951 pro
1296 906 1509 952 exipentia.)

84 981 108 996 „
133 952 267 999 negocii
281 961 476 1002 morantur:
504 953 606 989 Unde
627 965 705 990 cum
728 956 838 994 tales,
862 953 931 989 five
955 953 1009 987 hic
1029 952 1199 989 Varsaviae
1225 980 1235 993 ‚
1255 952 1325 988 sive
1345 953 1433 988 alibi
1457 952 1512 987 sa-

86 1029 109 1044 ‚‚
134 1011 229 1038 crum
245 1000 505 1036 matrimonium
518 1001 607 1037 inire
621 1001 798 1036 voluerint
813 1027 823 1041 ‚
849 999 1008 1048 quaeritur
1021 1025 1032 1039 ,
1059 1001 1134 1046 quis
1151 1011 1269 1036 eorum
1299 1000 1418 1036 talium
1442 998 1512 1034 do-

87 1077 111 1092 ,,
133 1046 368 1087 miciliorum,
395 1047 449 1084 seu
461 1048 632 1085 domicilii
654 1048 829 1084 Parochus
858 1047 926 1083 sit?
953 1049 1012 1082 An
1026 1059 1137 1082 nonne
1149 1046 1379 1095 dispositiones
1392 1047 1515 1082 Sacro-

86 1123 110 1139 „
134 1106 207 1131 rum
220 1094 398 1129 Canonum
411 1095 455 1130 de
468 1095 574 1143 Vagis
588 1096 666 1143 ipsis
680 1096 840 1132 inservire
854 1095 973 1141 posiint
986 1120 995 1133 2
1012 1094 1244 1130 utsecundum
1263 1094 1400 1129 illarum
1423 1105 1513 1139 prae-

87 1172 111 1186 „
134 1143 300 1188 scriptum
314 1141 537 1178 Matrimonia
552 1145 642 1180 inter
658 1144 743 1179 tales
765 1141 935 1179 celebrari
950 1141 1093 1177 valeant
1113 1167 1136 1181 ,‚
1159 1161 1174 1167 -
1200 1142 1285 1177 Haec
1302 1140 1485 1187 Episcopus
1499 1153 1510 1174 ι

87 1203 147 1228 nos
163 1198 278 1226 autem
295 1199 402 1233 pauca
416 1192 569 1235 quaedam
593 1192 649 1227 hic
671 1190 833 1233 subjicere
857 1189 1039 1229 duximus,
1065 1197 1103 1224 ut
1128 1188 1258 1225 animus
1275 1187 1514 1225 Eminentiffi-

87 1249 220 1275 morum
235 1235 377 1271 Patrum
399 1235 541 1273 facilius
561 1239 735 1275 excitetur
757 1240 796 1273 ad
820 1250 889 1273 rem
904 1235 1157 1272 definiendam.

49 1281 220 1333 Apertam
236 1281 301 1316 esse
314 1280 515 1334 Tridentini
528 1285 781 1331 dispositionem
795 1311 805 1325 ,
828 1297 900 1331 quae
927 1285 1001 1318 vult
1023 1283 1238 1329 praesentiam
1260 1282 1389 1331 proprii
1408 1284 1520 1320 Paro-

84 1333 168 1372 chi,
192 1340 231 1366 ut
253 1331 470 1366 matrimonia
491 1332 608 1368 valide
632 1333 903 1372 contrahantur,
927 1329 1040 1367 nullus
1057 1331 1227 1377 ambigit,·
1253 1333 1329 1377 quia
1343 1343 1422 1366 vero
1442 1343 1518 1367 non

84 1378 270 1427 exprimit,
295 1388 338 1412 an
352 1376 435 1412 Viri
451 1405 459 1418 ,
485 1390 526 1414 an
544 1379 700 1416 mulieris
723 1378 789 1414 ess'e
801 1380 924 1415 debeat
938 1404 948 1417 ,
972 1377 1106 1423 placuit
1122 1404 1133 1418 ,
1156 1387 1195 1414 ut
1211 1377 1233 1412 s1
1247 1376 1362 1423 sponsi
1376 1378 1517 1415 diversa:

83 1424 262 1463 Parochiae
293 1422 356 1457 sint
370 1449 380 1462 ,
409 1425 609 1462 alterutrius
623 1427 901 1462 contrahentium
916 1424 1063 1462 Paro'chi
1084 1425 1262 1471 praesentia
1282 1424 1426 1460 sufficiat
1440 1451 1452 1465 ,
1477 1434 1519 1460 ut

86 1473 215 1521 pluries
228 1469 406 1506 declarasse
421 1472 559 1508 Sacrum
572 1474 662 1509 hunc
677 1475 836 1510 Senatum
852 1472 954 1508 refert
969 1478 1118 1517 Pugnan.
1138 1477 1172 1508 in
1209 1482 1283 1520 cap.
1306 1474 1395 1519 quod
1418 1473 1519 1509 nobis

86 1525 126 1559 de
141 1519 285 1562 clandes.
305 1519 449 1565 desponfi
462 1546 472 1560 ‚
498 1531 597 1566 atque
614 1521 661 1556 ita
685 1521 790 1556 etiam
815 1521 851 1555 in
874 1520 970 1566 praxi
987 1518 1140 1554 servatur
1158 1547 1168 1559 ,
1195 1519 1277 1554 licet
1307 1520 1340 1554 in
1360 1519 1517 1565 pluribus

87 1569 173 1605 locis
191 1564 403 1601 consuetudo
425 1565 602 1607 servetur,
626 1575 665 1602 ut
685 1567 906 1602 matrimonia
922 1577 1036 1603 coram
1055 1565 1206 1602 Parocho
1219 1566 1352 1612 Sponsae
1368 1576 1517 1602 contra-

87 1617 213 1652 hantur
236 1623 280 1648 ex
304 1611 401 1648 causa
425 1612 598 1656 cujusdam
614 1614 818 1649 honestatis:
846 1614 1016 1650 honestius
1044 1613 1067 1648 fi
1091 1614 1224 1659 quidem
1246 1614 1356 1648 visum
1382 1614 1451 1654 est,
1475 1623 1517 1649 ut

89 1661 239 1709 Sponsus
250 1658 411 1705 Sponsam
422 1659 455 1694 in
471 1660 544 1700 eius
558 1661 725 1696 Parochia
746 1665 874 1707 quaerat
888 1688 898 1701 ,
927 1672 1028 1705 quam
1042 1669 1183 1698 contra;
1208 1669 1280 1695 tum
1300 1662 1407 1695 etiam
1432 1661 1516 1707 quia

90 1711 154 1746 hac
168 1707 300 1744 ratione
312 1706 439 1752 quaevis
454 1707 590 1742 tollitur
603 1707 694 1743 inter
704 1709 876 1744 Parochos
892 1708 1080 1743 AEmulatio
1097 1733 1107 1746 ‚
1133 1717 1171 1743 ut
1189 1709 1276 1743 recte
1298 1707 1429 1743 disserit
1446 1714 1517 1745 Ve—

91 1757 266 1806 nespenius
282 1757 368 1799 ⁵Jur.
382 1755 504 1797 Ecclefi
519 1758 663 1790 vniver.
684 1757 756 1791 vol.
773 1768 802 1791 ι.
822 1765 902 1803 par.
920 1766 953 1790 2.
972 1758 1032 1790 tit.
1054 1765 1104 1789 12.
1119 1754 1184 1799 sub
1196 1767 1286 1791 num.
1306 1766 1335 1795 5.
1365 1756 1417 1790 At
1439 1754 1516 1800 quis

89 1803 149 1843 stt,
174 1803 206 1839 ὃ(
230 1801 403 1847 quomodo
434 1801 585 1847 proprius
599 1801 769 1838 Parochus
793 1803 1031 1849 intelligatur,
1054 1812 1115 1836 nec
1135 1801 1328 1845 expeditam
1353 1802 1518 1837 hactenus

90 1862 161 1886 rem
175 1848 238 1885 ess'e
254 1875 263 1887 ,
291 1859 398 1893 neque
412 1848 564 1883 eamdem
588 1850 740 1894 regulam
759 1851 793 1884 in
806 1849 962 1886 omnibus
978 1848 1165 1884 indistincte
1181 1846 1306 1884 casibus
1321 1849 1434 1884 locum
1457 1849 1517 1884 ha-

90 1899 174 1934 bere
199 1895 351 1944 possein
381 1903 557 1940 comperto
579 1895 648 1936 est,
673 1895 852 1943 pluresque
873 1895 921 1931 ob
945 1896 982 1931 id
1007 1905 1081 1931 tum
1096 1894 1188 1930 inter
1202 1894 1422 1942 Theologos,
1445 1906 1518 1931 tum

91 1946 182 1982 inter
194 1940 447 1986 jureconsultos
471 1939 559 1977 fiunt
582 1942 849 1989 disputationes,
875 1953 913 1978 ut
937 1943 1129 1988 praeceteris
1160 1942 1315 1988 cognosci
1340 1942 1448 1988 potest
1473 1954 1520 1979 ex

90 1993 144 2029 his
163 2019 174 2033 ‚
195 2003 269 2038 quae
283 1988 414 2025 tradita
426 1988 501 2023 sunt
517 2000 535 2023 a
549 1994 705 2036 Fagnano
733 1994 767 2026 in
789 2000 862 2039 cap·
878 1989 1091 2036 figm'ficavit
1105 2002 1196 2026 nun..
1210 1999 1264 2025 22.
1291 2001 1364 2025 cnm
1384 1989 1520 2038 plurib.

83 2041 183 2086 seqq.
197 2041 237 2075 de
253 2036 400 2072 Paroch.
417 2044 519 2080 atque
542 2035 605 2071 hac
623 2035 667 2071 de
692 2049 729 2073 re
743 2038 894 2074 collectae
914 2036 990 2072 sunt
1012 2035 1189 2071 nonnullae
1205 2037 1295 2071 Sacri
1323 2035 1421 2078 hujus
1432 2035 1519 2072 Tri-

91 2084 228 2122 bunalis
242 2082 490 2133 declara-tiones
513 2082 546 2117 in
564 2084 717 2126 Thesaur.
733 2085 840 2131 Refol.
866 2092 941 2120 Sac.
956 2090 1052 2131 cong.
1077 2085 1150 2120 vol.
1164 2095 1214 2120 11.
1234 2093 1320 2134 pag.
1331 2088 1409 2130 284.
1432 2094 1519 2132 quas

91 2133 181 2169 utile
203 2130 269 2166 erit
293 2128 452 2164 fidelibus
477 2128 592 2164 oculis
615 2129 797 2173 subjicere.

44 2179 91 2214 Ex
107 2180 160 2215 his
178 2178 288 2216 videri
302 2174 414 2223 potest
429 2174 589 2226 inuti-lem
607 2175 669 2211 esse
682 2178 897 2221 quaestionem
910 2204 919 2217 ,
945 2190 1045 2225 qnam
1067 2177 1154 2214 facit
1169 2176 1350 2225 Episcopus
1364 2205 1375 2219 ,
1397 2189 1475 2214 nam
1492 2176 1517 2213 si

92 2227 174 2263 Viri
199 2225 374 2266 Principes
398 2235 441 2260 ex
467 2223 623 2274 universa
648 2225 788 2260 Polonia
816 2225 1020 2262 Varsaviam
1047 2226 1282 2266 confluentes,
1310 2226 1437 2271 suaque
1465 2224 1518 2262 ibi

91 2273 222 2310 Palatia
242 2271 441 2307 habitantes
456 2270 680 2306 Matrimonia
709 2274 938 2313 contrahunt,
964 2272 1149 2319 disquisitio
1169 2271 1210 2306 de
1237 2273 1381 2320 proprio
1408 2272 1520 2306 Viro-

93 2333 169 2357 rum
182 2319 342 2355 Parocho
354 2318 441 2354 nihil
457 2317 605 2363 pertinet
631 2319 671 2354 ad
685 2320 899 2357 Matrimonii
913 2320 1131 2357 validitatem
1147 2346 1156 2359 ,
1180 2329 1256 2354 cum
1274 2322 1314 2355 ad
1327 2320 1415 2355 hanc
1437 2317 1518 2354 satis

96 2367 260 2415 superque
282 2365 347 2401 effe
368 2365 462 2411 possit
477 2364 652 2410 praescmia
664 2367 807 2402 Parochi
828 2368 984 2415 Sponsae,
1006 2367 1031 2402 si
1051 2366 1175 2415 Sponsa
1197 2364 1431 2403 Varsavienfis
1451 2365 1494 2400 sit
1507 2378 1518 2398 ε

96 2414 273 2450 Caeterum
295 2414 332 2448 in
348 2413 437 2449 Casu
450 2440 460 2453 ,
484 2413 524 2447 de
537 2425 605 2459 quo
618 2413 757 2459 quaestio
773 2415 818 2451 est
834 2442 843 2455 ,
867 2416 925 2461 qui
949 2415 1083 2462 proprie
1107 2414 1272 2461 disputari
1292 2412 1399 2459 potest
1422 2411 1456 2446 in
1476 2423 1519 2447 ea

98 2461 274 2498 dumtaxat
289 2459 398 2506 specie
413 2487 424 2500 ,
448 2460 486 2496 in
500 2471 566 2506 qua
579 2462 610 2496 δι
628 2460 769 2507 Sponsus
785 2489 795 2503 ‚
820 2464 850 2498 ὅ(
868 2463 990 2508 Sponsa
1003 2462 1202 2497 Varsaviam
1227 2461 1360 2496 aliunde
1379 2471 1516 2495 conve-

100 2509 238 2550 nerint,
264 2508 400 2544 videtur
414 2507 584 2543 parochos
601 2509 775 2545 Varsaviae
800 2509 1014 2556 aliorumque
1034 2509 1205 2543 Locorum
1219 2532 1230 2547 ,
1254 2507 1314 2544 ubi
1335 2507 1521 2553 Magnates

102 2554 160 2590 sua
174 2554 302 2590 Palatia
317 2555 489 2594 incolunt,
516 2555 676 2602 proprios
695 2556 760 2591 dici
775 2555 862 2602 posse
875 2582 885 2595 ‚
912 2567 950 2592 ut
964 2555 1193 2592 Matrimonia
1214 2553 1278 2589 rite
1302 2556 1456 2600 recteque
1479 2555 1523 2588 ab

103 2601 174 2637 illis
192 2602 454 2638 contrahantun
485 2602 556 2638 sola
580 2603 703 2649 quippe
728 2604 896 2638 habitatio
922 2603 984 2639 nist
1008 2603 1143 2638 levandi
1167 2601 1273 2638 animi
1301 2602 1409 2648 gratia
1436 2601 1518 2640 fiat,

103 2658 160 2684 aut
178 2650 385 2686 valetudinis
400 2649 497 2686 causa
510 2675 520 2688 ‚
546 2649 613 2686 five
639 2662 706 2695 qua
727 2649 793 2685 alia
815 2651 911 2686 brevi
933 2650 1064 2686 exitum
1085 2649 1240 2685 habitura
1253 2675 1263 2689 ‚
1291 2650 1371 2684 satis
1387 2648 1433 2684 est
1451 2675 1461 2688 ‚
1481 2659 1522 2686 ut

103 2697 309 2742 magnates,
333 2697 390 2743 qui
422 2697 574 2734 animum
595 2697 718 2747 procul
739 2698 843 2735 dubio
864 2699 991 2743 habent
1017 2699 1147 2733 tamdiu
1171 2696 1300 2733 ibidem
1324 2705 1450 2747 moram
1455 2693 1517 2777 c{³31-

1377 2753 1453 2777 cten
1481 2753 1515 2784 i,
