1874 2961
1453 78 1496 116 ¹⁷

39 140 249 178 verulanum
264 160 273 174 ,
299 133 332 167 in
346 133 440 175 eujus
455 128 603 167 Dioecefi
626 128 756 166 vetusta
769 125 954 164 Frusinone
969 122 1103 161 Civitas
1116 121 1175 159 fita
1188 121 1235 157 est
1247 148 1256 161 ‚
1282 129 1318 156 ut
1333 117 1377 156 ad
1389 117 1494 154 Ton-

41 191 151 228 suram
164 211 176 225 ‚
199 180 347 232 minores
368 192 408 214 ue
426 178 572 214 Ordines
587 186 842 225 promoveretur
857 188 866 209 ι
882 175 933 209 sed
947 185 1022 208 eum
1036 171 1227 206 Verulanus
1248 168 1426 214 Episcopus
1452 164 1494 201 ad

42 233 241 273 Alatrinum
254 237 342 264 remi
359 235 406 266 it,
434 235 590 270 reputans
604 226 642 259 ad
657 225 745 261 hunc
757 224 902 269 spectare
914 218 1182 262 jurisdictionem
1198 244 1209 258 ,
1223 215 1312 262 quod
1324 213 1494 251 Romual-

40 284 100 318 (ως
115 305 126 319 ,
155 279 187 314 &
211 275 355 321 Origine
372 300 382 314 ,
409 274 441 308 δι
474 271 645 307 Beneficio
668 271 720 306 illi
746 271 825 306 esset
848 269 1012 311 subjectus
1033 294 1041 303 .
1077 264 1254 300 Alatrinus
1279 263 1394 308 itaque
1417 259 1495 299 Ro-

39 325 217 365 mualdum
242 325 283 358 ad
303 320 485 357 sonsuram
500 344 509 358 ,
534 318 743 364 minoresque
759 317 904 354 Ordines
918 313 1085 361 promovit
1100 324 1111 350 ;
1129 311 1219 347 Cum
1230 320 1314 345 vero
1330 318 1417 343 nune
1429 308 1496 342 Po-

41 371 216 412 stulaverit
229 368 447 406 Romualdus
461 366 606 408 majores
620 366 764 401 Ordines
778 392 788 406 ,
812 375 918 399 novus
931 360 1114 408 Episcopus
1136 356 1311 394 Matrinus
1322 355 1496 390 difficilem

41 421 74 459 se
88 418 268 468 praestititq,
292 416 378 463 quod
399 413 533 450 censeat
559 412 793 448 Romualdum
822 410 887 446 ess'e
915 409 1094 451 subjectum
1115 405 1280 451 Episcopo
1294 402 1496 438 Verulano.

41 469 170 505 ratione
184 462 375 499 nativitatis
389 487 400 501 ‚
423 472 520 507 quam
537 459 654 495 habuit
670 459 702 494 in
731 458 799 500 eius
814 455 958 493 Diaecesi
973 482 981 492 .
1008 456 1062 491 Ad
1084 454 1170 488 hanc
1189 452 1396 487 dubietatem
1420 446 1499 481 adi-

41 515 193 551 mendam
213 510 394 556 Georgeus
418 508 515 544 Pater
536 506 694 542 libellum
718 505 847 541 obtulit
863 501 1147 539 Eminentissimis
1163 497 1336 538 Patribus,
1356 504 1393 532 ut
1414 491 1499 529 defi-

41 562 153 598 nirent
167 583 178 597 ‚
201 569 242 592 an
266 558 308 592 ub
323 555 509 594 Alatrin0‚
533 565 574 588 an
595 565 612 587 a
630 554 801 588 Verulano
816 551 974 597 Episcopo
987 552 1104 585 Sacros
1118 546 1264 582 Ordines
1278 541 1367 580 filius
1391 539 1499 578 susci-

41 619 121 656 pere
142 605 288 642 debean
313 603 368 638 sua
386 603 476 638 enirn
491 601 576 637 nihil
595 601 728 636 interest
741 625 751 639 ,
773 611 791 633 a
812 610 879 645 quo
892 598 950 632 siat
965 606 1120 632 manuum
1134 593 1298 640 impositio
1312 614 1323 626 .
1351 588 1501 625 Auditus

42 655 109 692 suit
121 652 302 701 Episcopus
318 649 497 685 Alatrinus
509 675 518 688 ‚
543 647 598 693 qui
613 648 758 683 rationes
772 646 889 682 retulit
904 649 936 680 in
953 643 1097 690 Epistola
1118 641 1173 676 sua
1190 667 1200 680 ,
1222 638 1344 688 quibus
1367 633 1501 671 recusa-

41 703 156 738 verit:
185 699 237 734 his
250 707 364 733 tamen
379 708 445 733 non
457 695 659 730 obstantibus
671 694 841 745 disputant
853 690 1015 727 Sterbinii
1028 688 1192 726 Alatrino
1203 688 1316 733 potius
1332 711 1343 726 ,
1366 693 1501 732 quam-n

41 749 232 788 Verulano
243 743 410 790 Episcopo
425 742 480 783 Jus
496 740 582 780 esse,
608 741 687 788 quia
705 741 787 775 licet
814 739 957 784 plurima
982 737 1020 772 sit
1046 736 1095 774 vis
1108 734 1318 773 nativitatis,
1344 733 1413 767 hxc
1440 737 1503 763 ta-

42 808 120 833 men
154 804 223 845 non
235 837 242 843 ι
256 790 294 825 sit
327 790 503 842 speoanda
528 814 539 827 ,
574 788 708 833 quando
745 786 810 821 fuit
837 812 847 826 ,
882 786 939 821 vel
968 783 1160 820 eventualis
1187 809 1197 822 ,
1223 782 1278 816 vel
1311 777 1502 816 occasiona-

43 844 130 883 alis,
156 848 320 875 nimirum
358 837 490 873 itineris
509 862 520 877 ,
542 834 682 874 Officii,
706 834 753 869 Le
779 834 922 873 ationis,
952 841 1144 866 mercaturae
1168 853 1179 867 ‚
1215 829 1272 864 vel
1296 822 1504 873 temporariae

46 900 143 927 morae
154 887 228 930 eius
252 885 384 937 Patris,
409 883 461 918 his
473 884 566 919 enim
589 881 730 928 aliisque
751 846 912 916 similibus
930 879 1054 916 casibus
1066 888 1133 912 non
1156 876 1335 911 fortuitam
1349 900 1359 913 ‚
1384 874 1414 907 &
1441 880 1507 906 oc-

45 935 243 974 cafionalem
257 933 476 968 nativitatem
493 956 502 970 ,
528 930 585 964 sed
601 940 716 964 veram
732 954 742 967 ,
767 929 799 963 δι
820 926 1005 962 naturalem
1021 924 1132 960 Patris
1154 922 1321 969 originem
1346 919 1409 955 esse
1433 917 1508 962 spe-

47 984 198 1021 eandam
213 1006 224 1021 ,
248 989 288 1016 ut
301 979 345 1015 ad
374 989 444 1015 rem
457 976 605 1013 nostram
618 975 810 1011 collationis
823 974 990 1009 Ordinum
1010 971 1149 1008 tradunt
1166 969 1345 1010 feronofin.
1372 971 1407 1003 in
1431 972 1508 1011 cap.

46 1027 164 1079 quoad
174 1028 437 1064 translationem
461 1024 570 1072 quaest.
586 1034 622 1059 2.
643 1022 779 1059 num-8-
808 1021 847 1058 de
875 1026 1024 1068 Tempor.
1051 1021 1165 1054 ordin.
1190 1015 1353 1062 Pafferin.
1378 1017 1412 1050 in
1431 1019 1507 1057 cap·

46 1079 164 1115 nullus
184 1089 216 1111 n.
229 1085 264 1118 9.
287 1077 357 1110 eod.
372 1077 439 1108 Tit.
456 1076 491 1107 in
503 1076 539 1106 6.
561 1069 695 1114 Barbofi
714 1071 752 1106 de
769 1068 866 1113 Ofic.
879 1093 889 1106 ‚
915 1072 959 1104 (⁴)-
976 1076 1052 1113 ραι.
1065 1067 1172 1112 Episc.
1187 1065 1326 1109 alleg-4.
1340 1071 1408 1097 n.2.
1422 1084 1432 1099 ‚
1461 1062 1507 1094 θ’

47 1128 91 1161 ad
105 1124 225 1160 Concil.
244 1120 529 1166 Trident.scffi23.
549 1120 589 1157 de¹
609 1117 669 1160 ref.
684 1115 790 1163 cap.8.
814 1119 905 1151 n016.
920 1115 1055 1150 Hallier
1068 1114 1106 1148 de
1123 1119 1198 1147 Suc.
1213 1111 1318 1145 Elefii.
1335 1135 1347 1149 ,
1371 1112 1415 1144 O·
1442 1109 1509 1139 Or-

47 1175 118 1210 diu.
129 1178 207 1219 par.
225 1169 352 1215 2.]ὶὶῗ.
368 1178 396 1208 5.
413 1175 521 1214 cap-3·
534 1172 600 1204 §.2.
616 1170 696 1200 ‘Pax
711 1164 857 1207 vordan.
873 1167 956 1196 Var.
971 1167 1047 1197 Luc.
1063 1159 1168 1195 vol-1.
1184 1156 1283 1196 lib-3.
1295 1157 1390 1192 tit-6.
1406 1151 1510 1197 n.36.·

48 1226 94 1259 ζῇ·
104 1219 176 1266 seq.
192 1216 373 1252 Antonell.
396 1217 435 1250 de
448 1220 526 1259 Reg.
541 1209 743 1246 Eccldiba.
767 1218 838 1256 cap.
862 1222 890 1245 1.
917 1208 984 1244 n.8.
1002 1232 1012 1246 ,
1039 1207 1070 1242 δι
1087 1217 1122 1248 9.
1139 1204 1282 1239 Paulut.
1308 1199 1509 1248 *Jurispudr-

50 1264 213 1303 Sac.vol.
234 1276 265 1300 2.
281 1261 341 1298 lib.
356 1273 389 1307 ς.
418 1262 518 1294 tract.
536 1269 571 1298 7.
583 1266 656 1304 cap.
672 1262 708 1292 6.
741 1269 831 1292 num.
845 1269 880 1303 9.
901 1257 929 1295 ὁ.
959 1256 1168 1289 Limitatur.
1191 1248 1382 1296 Statuitque
1408 1247 1512 1281 Inno-

49 1313 181 1396 clelntius
195 1309 249 1394 X}
255 1311 282 1345 1.
299 1306 456 1345 Pontifex
470 1304 628 1352 Optimus
643 1302 678 1338 in
691 1303 914 1340 celeberrima
930 1299 987 1337 sua
1003 1298 1225 1336 Constituone
1237 1321 1248 1336 ‚
1263 1296 1360 1340 cuius
1372 1292 1514 1331 initium

52 1372 71 1396 e
129 1365 150 1396 S
175 1372 232 1395 ecu
252 1367 366 1394 atores
382 1383 389 1392 .

3 1371 216 1453 Cumitague
229 1406 407 1451 Georgeus
423 1398 612 1436 Sterbinius
627 1397 724 1433 Pater
738 1397 819 1433 Vici
835 1406 925 1432 ortus
942 1395 994 1434 sit,
1008 1394 1064 1430 ubi
1078 1395 1163 1429 bona
1176 1391 1278 1427 etiam
1293 1389 1311 1425 s
1311 1401 1350 1425 ua
1364 1387 1517 1434 possidet,

51 1455 117 1491 ubi
128 1453 304 1489 fundatum
327 1450 432 1486 etiam
446 1447 511 1482 fuit
525 1444 728 1481 Beneficium
743 1471 752 1485 ,
776 1445 864 1490 quod
876 1444 975 1478 habet
987 1440 1193 1476 Romualdus
1206 1437 1297 1472 filius
1313 1464 1323 1477 ,
1345 1435 1518 1481 colligunt

51 1502 88 1537 hi
103 1501 271 1547 originem
285 1499 469 1534 Paternam
482 1521 492 1536 ,
518 1495 549 1528 δι
568 1491 727 1527 Beneficii
744 1492 858 1526 locum
873 1489 1082 1534 spectandum
1096 1486 1180 1525 esse,
1195 1496 1261 1520 non
1277 1481 1520 1520 occasionalem

52 1549 271 1584 nativitatem
287 1542 494 1581 Romualdi,
518 1540 578 1586 qui
590 1548 702 1574 ortum
714 1538 848 1584 quidem
873 1537 990 1572 habuit
1007 1535 1211 1572 Frusinone,
1237 1531 1289 1567 sed
1319 1541 1385 1565 non
1407 1528 1520 1574 quia-2

52 1595 152 1632 Pater
170 1595 207 1629 in
220 1604 297 1628 eam
307 1591 496 1627 Civitatem
512 1588 595 1623 lares
609 1585 816 1621 transtulerit
829 1611 838 1625 ,
862 1586 892 1620 δι
906 1583 1120 1618 domicilium
1135 1607 1146 1620 ‚
1169 1579 1382 1624 civicamque
1406 1574 1522 1622 quali-

56 1652 160 1677 tatem
178 1638 390 1676 contraxerit
404 1664 414 1676 ,
439 1635 489 1671 sec
505 1635 583 1681 quia
605 1644 682 1668 cum
699 1643 766 1666 non
786 1630 890 1677 posset
904 1629 1029 1675 ubique
1045 1629 1196 1664 locorum
1220 1635 1356 1661 uxorem
1377 1619 1523 1657 liberos-

6 1686 14 1694 “
52 1701 121 1736 que
135 1688 209 1723 suos
230 1684 448 1723 circumferre
459 1709 470 1723 ,
495 1691 672 1727 optumum
686 1680 782 1714 duxit
800 1706 810 1719 ,
824 1681 931 1713 donec
947 1675 1165 1716 juridicundo
1178 1671 1355 1708 Praefectus
1368 1668 1448 1704 esset
1463 1695 1471 1707 ,
1484 1675 1525 1703 ut

54 1747 144 1772 nunc
157 1735 258 1769 etiam
271 1733 316 1769 est
328 1731 432 1767 Sutrii
447 1756 457 1769 ‚
480 1740 553 1764 eain
567 1726 661 1773 apud
674 1725 934 1771 Consanguinos
950 1722 1127 1757 Frusinone
1142 1720 1356 1766 relinquere:
1382 1715 1524 1751 Addunt

57 1783 129 1818 alia
147 1782 180 1817 in
196 1781 316 1817 libello
329 1776 492 1814 Sterbinii
506 1802 516 1815 ‚
542 1787 614 1821 quae
626 1771 831 1820 Ampliffimi
848 1772 960 1807 Patres
975 1768 1163 1814 expendent
1180 1793 1191 1807 ,
1205 1776 1242 1802 ut
1254 1763 1475 1812 respondeant
1493 1789 1501 1798 .

13 1837 74 1868 An
99 1831 246 1867 clericus
265 1828 466 1875 Rymualdus
482 1822 632 1858 Sterbini
648 1820 692 1861 sit
708 1820 958 1868 promovendus
986 1819 1028 1850 ad
1043 1821 1163 1851 Sacros
1176 1816 1317 1849 Ordines
1342 1810 1384 1846 ab
1394 1810 1527 1857 Episco-

51 1887 98 1926 po
115 1878 283 1913 alatrino
297 1901 308 1916 .
329 1875 389 1921 seu
405 1871 523 1923 potius
549 1869 591 1905 ab
604 1867 762 1916 Episcopo
779 1867 949 1903 Verulano
968 1864 1004 1898 in
1024 1864 1100 1908 casu
1115 1867 1191 1901 &a

195 1982 535 2040 Affirmative
550 1979 617 2030 ad
637 1978 866 2048 primam
884 1986 1095 2044 partem
1111 2008 1127 2025 .
1161 1963 1433 2040 Negative
1464 1963 1533 2015 ad

84 2057 368 2113 secundam
389 2089 403 2106 .

1569 2107 1809 2149 SeJ50230c017·

22 2168 106 2254 T
123 2162 391 2206 ARENTINA
415 2154 874 2197 CONTRIBUTIONIS:
898 2150 951 2187 Est
974 2151 1009 2187 in
1036 2148 1194 2186 civitate
1222 2143 1370 2182 Tarenti
1398 2141 1536 2193 simplex
1567 2153 1607 2192 de
1623 2152 1694 2200 Ref-

134 2211 336 2250 Beneficium
347 2235 359 2249 2
373 2209 428 2245 seu
443 2207 591 2243 Abbatia
606 2205 710 2240 titulo
722 2204 778 2238 SS.
791 2201 881 2238 Petri
897 2224 908 2238 ,
919 2200 951 2235 &
967 2199 1192 2242 Andreae.quae
1207 2203 1351 2230 annuum
1364 2188 1538 2226 redditum

69 2261 201 2310 praestat
212 2263 327 2296 ducat.
342 2258 396 2299 58.
407 2264 466 2292 aut
477 2262 536 2291 60.
551 2280 561 2293 ,
587 2253 754 2295 solvitque
781 2246 971 2283 Seminario
992 2244 1190 2279 Tarentino
1212 2238 1537 2277 contributionem„

71 2310 188 2349 ducat.
207 2318 263 2354 ²5·
276 2306 365 2341 Cum
380 2305 465 2339 lianc
479 2299 657 2349 possideret
671 2297 860 2333 Abbatiam
885 2294 1030 2336 loannes
1046 2289 1206 2326 Vincenti
1228 2287 1365 2323 ultimus
1396 2283 1536 2335 ᾼίῑὺες)

69 2365 109 2391 ιιι
133 2358 174 2393 ab
198 2356 262 2391 hac
273 2352 373 2401 gravi
399 2347 651 2386 contributione
680 2350 922 2380 exoneraretur
938 2367 951 2382 ,
973 2349 1089 2387 preces
1107 2337 1237 2372 obtulit
1248 2336 1348 2370 Sacro
1361 2333 1441 2380 huic
1454 2328 1539 2362 Tri-

70 2403 188 2440 bunali
209 2412 299 2439 anno
318 2408 413 2445 1727.
432 2423 443 2437 ,
468 2397 649 2438 auditoque
668 2420 677 2431 ,
705 2400 742 2427 ιιι
756 2389 858 2426 moris
872 2386 941 2428 est,
972 2383 1265 2432 Archiepiscopo,
1277 2376 1456 2426 respondit
1467 2373 1540 2410 Ta·

71 2463 150 2490 xam
171 2452 284 2486 ducat.
297 2443 579 2491 25¹.constitutam
592 2438 687 2476 fuiffe
703 2438 771 2485 ipsa
792 2437 846 2471 die
858 2433 1035 2473 erectionis
1051 2431 1228 2466 Seminarii
1242 2455 1253 2470 ‚
1274 2439 1373 2475 quam
1387 2425 1466 2474 fecit
1479 2433 1540 2456 an-

71 2510 116 2536 no
132 2502 230 2542 1586.
253 2495 335 2531 clar.
349 2503 448 2529 mem.
470 2486 661 2525 Cardinalis
674 2486 844 2522 Columna
874 2479 1157 2528 Archiepiscopus
1182 2477 1411 2512 Tarentinus,
1439 2472 1540 2522 idque

72 2557 112 2581 ea
137 2542 267 2580 ratione
283 2568 294 2583 ‚
314 2540 401 2587 quod
427 2540 540 2574 eadem
562 2534 708 2571 Abbatia
727 2544 794 2567 non
811 2529 896 2566 solos
911 2529 1048 2563 haberet
1061 2525 1213 2561 redditus
1241 2520 1446 2557 incivitate
1465 2516 1541 2550 sa-

73 2591 161 2628 renti
174 2616 184 2630 ‚
208 2589 267 2625 sed
284 2591 387 2624 etiam
402 2588 504 2632 longe
518 2582 668 2631 plurima
682 2580 775 2615 bona
790 2578 825 2614 in
843 2577 953 2612 Terra
979 2573 1150 2609 Mandurii
1177 2567 1339 2606 Diaecefis
1367 2565 1518 2602 Uritanae
1531 2588 1543 2602 ,

74 2638 235 2674 Graneiae
252 2635 387 2671 nomine
400 2631 498 2669 unita
511 2629 675 2667 Abbatiae
687 2626 721 2661 S.
735 2624 828 2661 Petri
843 2651 853 2664 ,
869 2635 940 2670 quae
955 2620 1107 2657 Graneia
1122 2618 1297 2654 dicebatur
1305 2615 1360 2651 del
1372 2612 1519 2659 Bagnolo
1536 2621 1544 2642 ε

76 2687 169 2721 Hinc
183 2682 365 2729 celligebat
378 2678 662 2724 Archiepiscopus
675 2701 696 2715 ‚‚
721 2684 787 2708 non
811 2670 876 2706 esse
898 2667 1119 2716 cogitandum
1131 2664 1288 2718 praefatos
1303 2657 1546 2705 Archiepisco-

31 2758 55 2774 2,
75 2745 136 2781 pos
159 2730 271 2771 fecisse
293 2728 424 2769 'saxam
447 2733 634 2766 annuorum
658 2722 875 2764 Ducatorum
906 2726 962 2765 ας.
987 2726 1054 2766 pro
1079 2724 1193 2763 parvis
1217 2709 1403 2751 redditibus
1422 2713 1548 2801 ι,Ὣᾞιοε
