1883 2907
352 139 417 188 94

383 191 474 225 Atque
486 195 520 215 ex
533 185 583 214 hac
594 184 720 214 nullitate
733 183 823 211 statim
838 181 916 211 locus
925 181 955 211 fit
966 186 1021 216 Ju.

420 236 440 254 ri
456 223 642 255 devolutionis
659 223 692 251 ad
709 224 735 250 S·
748 221 845 252 sedem
858 220 926 250 ibid.

381 264 524 301 Nullaque
540 265 572 293 dc
587 263 648 291 hinc
658 261 792 299 indulgeri
803 259 889 298 potest
899 260 1018 301 sanatio,

419 304 488 333 dum
500 302 641 332 concursus
654 312 707 330 non
722 299 827 330 servata
840 300 941 336 lege-,St
954 302 1016 331 for.

420 352 466 373 ma
486 341 677 371 aTrideutino
696 339 799 370 tradita.
821 337 910 368 nullus
932 341 969 370 cst
990 344 1019 371 in

422 381 566 410 substantii
579 399 589 414 ‚
605 379 674 408 ibid.

351 421 577 451 Examinatorum
601 417 779 458 Synodalium
802 416 948 447 elefflones
971 417 1019 447 de-

421 461 484 489 bent
498 458 649 496 prael‘cferrc
663 455 833 486 individuam
843 454 1020 495 personarum

419 497 637 527 nominationem
652 514 661 527 .
685 505 737 523 non
753 505 819 524 veto
836 496 962 534 generale
977 497 1022 527 di-

417 539 530 575 gnitatis
541 537 654 569 alicujus
666 543 767 563 nomen
778 543 842 575 pag.
860 543 906 572 55.
920 545 1020 568 eum„

415 577 469 615 (ιη.
484 582 506 610 0.
523 574 690 604 Nullitatem
702 592 712 602 .

381 613 457 646 Alias
470 612 548 643 facile
563 614 671 643 evenire
682 611 779 651 poll'et,
791 622 820 642 ut
831 615 877 652 qui
889 614 1021 654 dignitate

415 657 520 693 proestet
530 672 537 685 ,
564 661 612 681 nec
635 651 748 681 scientia
760 660 853 682 tamen
864 676 873 688 ,
897 665 945 684 nec
959 667 1023 686 mo·-

418 703 480 723 xum
495 691 630 729 probitate
644 690 782 730 praecellat
796 713 805 728 ,
834 702 894 730 qum
922 694 977 724 dno
995 697 1022 724 in

411 731 652 761 Examinatoribus
680 730 865 768 Synodalibus
890 731 950 763 sunt
975 745 1022 766 ne-

415 769 524 800 cessaria
538 788 546 803 ,
569 769 635 799 ibid.
654 770 729 799 circa
742 769 792 799 fin.

382 810 471 846 Quod
484 818 576 839 autem
590 809 706 838 omnino
717 819 770 838 non
782 811 931 848 procedere
944 813 1026 843 vide-

415 856 460 877 tur
472 848 580 888 quoties
593 850 662 877 inter
673 849 740 877 tales
752 850 961 883 Examinatores
971 853 1022 882 eli-

415 896 499 925 gatur
523 890 570 917 Ex·
585 888 640 917 Gr.
666 887 790 916 vicarius
804 890 950 920 Generalis
973 901 1024 928 pro

415 935 543 964 tempore
555 947 565 958 ‚
581 927 627 964 qui
640 925 702 955 licet
719 926 860 958 individue
871 948 881 961 ,
895 931 922 958 8<
935 931 1021 960 nomi-

415 967 501 995 natim
513 974 627 995 vocatus
640 975 694 994 non
710 965 751 999 fit,
766 974 858 996 tamen
870 978 935 997 cum
950 979 1023 1007 prte-

415 1005 539 1034 sumatur
562 1004 597 1034 ad
610 1003 675 1033 tales
686 1003 849 1042 dignitatis,
878 1007 1022 1048 officiique

414 1043 513 1081 gradus
525 1042 570 1073 nisi
584 1043 674 1072 idonei
690 1044 829 1080 pervenire
840 1065 849 1079 ,
873 1046 938 1077 ideo
959 1048 1020 1079 talis

413 1083 513 1112 elefiio
525 1081 595 1112 inter
605 1083 807 1113 examinatores
819 1083 888 1115 fafia
902 1096 956 1115 non
966 1089 1016 1120 ob.

414 1122 503 1151 stante
515 1131 569 1151 non
584 1119 702 1159 expressa
712 1122 875 1162 specialique
889 1128 1017 1157 nomina—

415 1161 493 1190 tione
510 1159 601 1190 valida
622 1161 656 1190 est
679 1161 810 1193 censenda
820 1173 847 1203 p.
859 1168 908 1200 56.
920 1169 946 1201 9.
958 1167 1020 1198 Ad-

415 1200 505 1230 versus
517 1217 526 1226 .

378 1238 412 1268 Et
434 1240 504 1268 bona
523 1238 588 1268 fides
599 1239 688 1268 oriens
705 1249 739 1270 ex
751 1239 802 1270 hac
817 1242 936 1280 praxi&
948 1254 1016 1276 con-

415 1277 557 1308 suetudine
577 1276 621 1307 san
642 1279 749 1308 tionem
764 1281 860 1317 procul
872 1281 958 1313 dubio
970 1295 1019 1315 ex·

416 1319 524 1357 petitam
536 1317 616 1349 debet
629 1319 636 1346 i
657 1316 695 1346 id·
709 1321 735 1348 8<
746 1327 812 1360 pag.
823 1321 882 1360 seq.

645 1406 696 1467 F

405 1514 492 1549 Ratis,
505 1512 640 1551 falsusque
651 1515 679 1546 su
700 1516 788 1555 gestus
803 1516 829 1546 in
840 1519 1019 1554 transaftione

413 1554 622 1584 intervenientes
635 1573 644 1589 ,
663 1557 681 1586 il
695 1567 738 1586 ain
749 1556 902 1589 invalidant
915 1568 978 1599 pag·
992 1572 1018 1592 2.

419 1603 485 1623 cum
499 1592 554 1631 seq.
568 1596 593 1624 §0
604 1594 670 1625 Haec
681 1595 787 1626 summa
798 1616 808 1627 .

659 1673 698 1748 Ι

339 1785 605 1864 JUrispatronatus
627 1790 789 1830 neutiquam
813 1790 939 1832 derogari
953 1794 1021 1825 solet

394 1826 561 1857 diffentiente
574 1829 699 1858 Patrono
709 1850 717 1862 ‚
728 1832 894 1871 unionelque
908 1835 971 1863 alias
982 1834 1023 1863 fa—

420 1868 468 1896 &ae
489 1876 543 1894 non
560 1866 742 1899 substinentur
754 1872 839 1900 etiam
852 1871 871 1899 fi
889 1873 975 1909 resfit
988 1872 1022 1903 de

420 1908 630 1942 jurepatronatu
648 1905 739 1937 laicali
760 1918 824 1947 pag.
838 1914 890 1944 58.
912 1906 937 1945 §-
964 1915 1024 1943 Ra-

420 1953 508 1974 tiones
522 1962 531 1970 -

340 1982 390 2016 Jus
403 1983 560 2012 nominandi
581 1984 731 2014 Rcaorem
742 1986 865 2016 Ecclefiae
881 1989 1019 2028 separare,

421 2023 448 2050 &
460 2022 584 2053 distinetae
595 2024 697 2061 spectat
718 2025 750 2054 ad
760 2027 910 2058 Reaorem
922 2028 1020 2058 Eccle-

421 2058 462 2088 fiae
483 2062 579 2091 MatrIs
590 2083 598 2097 ,
618 2064 693 2098 cujus
717 2064 873 2095 reddituum
894 2069 1020 2105 portione

423 2108 498 2127 nova
512 2101 689 2132 parrochialis
699 2104 788 2134 erefita
797 2102 850 2135 fuit
859 2116 922 2145 pag·
934 2116 980 2144 37·
993 2112 1018 2141 9.

419 2136 583 2169 Probandas.

345 2333 521 2397 LEgatum
539 2335 651 2374 quando
663 2345 697 2365 ex
708 2336 860 2369 Testaton‘s
879 2339 967 2369 verbis
979 2341 1022 2370 in·

420 2380 484 2408 cipit
496 2373 529 2402 ab
540 2382 624 2403 onere
636 2391 647 2408 ‚
667 2384 722 2404 non
735 2384 751 2403 a
773 2375 847 2407 fundi
861 2379 1019 2417 affignatio-

425 2418 476 2445 ne,
496 2421 510 2440 e
523 2415 598 2448 cujus
611 2413 721 2443 redditu
743 2414 797 2444 tale
812 2416 932 2455 legatum
947 2428 1019 2456 praee

423 2449 543 2479 standum
556 2451 586 2481 iit
598 2474 608 2489 ‚
629 2463 695 2482 tunc
715 2452 817 2484 dicitur
829 2456 896 2487 stare
907 2457 1022 2486 demon-

426 2487 548 2532 strative,
562 2501 616 2518 non
629 2501 720 2522 autem
732 2495 854 2526 taxative
871 2501 982 2538 pag-46.
993 2500 1019 2532 §0

425 2526 518 2555 Morte
532 2537 556 2556 ni
568 2528 614 2557 fin.

349 2564 485 2603 Legatum
500 2565 646 2597 Sacrorum
659 2570 860 2606 ordinatum‚&
873 2575 932 2613 post
945 2586 1022 2605 mot-

410 2611 485 2645 *tem
501 2603 700 2636 ususfrufiuarii
719 2609 909 2648 implendum,
937 2614 1023 2652 potest

423 2650 486 2685 ante
497 2649 604 2681 teinpus
617 2646 777 2678 aTestatote
788 2650 943 2682 institutum
955 2662 1024 2682 exe-

423 2689 470 2718 qui
484 2698 494 2714 ‚
518 2682 623 2719 quoties
635 2687 787 2715 commodo
799 2687 961 2720 ususfruaus
972 2701 1017 2722 10-

420 2721 563 2752 nuncietur
578 2728 641 2763 pag·
656 2733 702 2759 17·
724 2729 754 2763 9·
774 2726 838 2758 Post
857 2729 914 2761 haec
929 2748 941 2760 0

589 112 816 166 INDEX
855 111 1497 167 CONCLUSIONUM
1524 149 1537 164 .

1098 186 1164 215 Imo
1177 204 1188 217 ,
1209 185 1236 212 δε
1249 182 1266 212 fi
1280 183 1359 213 bonis
1382 191 1398 210 a
1408 180 1556 213 'senatore
1568 184 1671 218 reliefst
1686 189 1762 221 usus.

1138 224 1305 253 ftuauarius
1325 223 1372 252 (tia
1395 220 1532 260 adjungat
1545 221 1648 263 fibique
1664 229 1759 261 denuo

1136 261 1335 292 usumfiuetum
1348 260 1489 292 reservare
1511 270 1758 300 petat‚concedcn-

1136 303 1172 331 da
1184 303 1220 332 est
1235 302 1297 330 talis
1311 301 1427 330 fatui-as
1441 313 1449 335 ς
1461 300 1527 330 dum
1541 303 1614 339 prius
1628 323 1637 338 ,
1654 311 1680 337 ει
1696 318 1758 339 me-
1793 307 1795 310 “

1136 340 1188 371 lius
1206 340 1327 370 defunffl
1342 340 1473 371 voluntas
1485 339 1637 381 impletur,
1664 348 1692 376 δι
1716 347 1758 378 le-

1137 388 1237 419 gatum
1248 380 1364 418 erigitur
1373 395 1385 413 ‚
1407 380 1475 410 ibid.

1061 419 1158 461 Legati
1183 428 1254 449 onus
1273 426 1339 448 tunc
1361 420 1387 448 in
1403 419 1529 456 legatarii
1552 421 1697 461 personam
1712 424 1756 453 so.

1138 459 1284 489 lumniodo
1305 458 1441 488 direfflim
1467 469 1581 497 putatur
1606 483 1615 498 ,
1641 474 1752 504 quoties

1138 498 1270 529 Testatur
1281 497 1386 527 nullam
1399 497 1551 534 haeredum,
1568 501 1672 532 nullam
1689 513 1756 542 per.

1137 539 1213 577 petui
1223 560 1234 573 ,
1254 537 1360 568 nullam
1374 535 1460 566 futuri
1475 541 1609 576 temporis
1632 545 1755 572 mentio-

1139 579 1174 606 ni?
1186 577 1293 610 fecerit,
1305 586 1337 607 ut
1348 575 1497 606 dicendum
1509 578 1625 608 omnino
1641 582 1672 610 fit
1684 592 1752 613 οηιις

1137 616 1212 646 fuifle
1231 615 1372 655 personale
1399 636 1408 650 ‚
1446 625 1592 656 morteque
1625 618 1755 659 legatarii

1138 656 1261 695 extingui
1275 654 1347 694 posse
1359 664 1426 695 pag·
1445 658 1473 683 8·
1487 658 1510 690 9.
1529 659 1600 687 Satis
1614 677 1623 687 .

1380 741 1461 804 M

1156 852 1305 883 Atrimonii
1325 851 1479 882 contractui·
1498 849 1516 879 fi
1533 850 1598 883 adlit
1611 854 1750 887 Datochus

1163 892 1234 926 viri,
1255 889 1318 920 satis
1340 891 1377 920 est
1399 893 1433 922 ad
1457 889 1528 919 illius
1546 893 1751 927 validitatem..

1140 941 1206 972 pag.
1217 941 1265 967 4²·
1287 933 1312 962 §-
1324 929 1458 960 Monente
1471 950 1479 959 .

1062 970 1236 1001 Matrimonii
1249 969 1423 999 contrastum
1437 980 1516 1000 error
1531 969 1675 1010 qualitatis
1687 994 1698 1007 ,
1710 972 1746 1002 ad

1140 1008 1326 1041 differentiam
1351 1013 1453 1039 erroris
1475 1011 1596 1048 petsonae
1610 1013 1752 1043 irritum.»

1136 1049 1250 1078 reddere
1269 1048 1365 1085 nequit
1379 1057 1405 1083 ρ.
1421 1059 1470 1086 4ι.
1483 1053 1509 1085 0.
1528 1050 1679 1081 Monente.

1057 1086 1218 1118 Moribundi
1241 1096 1275 1116 ne
1291 1084 1348 1115 suos
1361 1087 1479 1118 haetedes
1491 1089 1666 1129 gravioribus
1677 1100 1750 1119 one.

1135 1137 1197 1157 rent
1210 1124 1336 1164 iinpenfis
1344 1127 1380 1155 ab
1389 1127 1522 1157 electione
1535 1137 1632 1157 eorum
1648 1129 1746 1160 Eccle-

1135 1165 1177 1197 fiae
1191 1165 1372 1197 retrahuntur
1382 1175 1413 1206 p·
1427 1176 1474 1198 ιι.
1483 1166 1507 1198 9.
1516 1167 1646 1198 Hortana
1659 1186 1669 1198 0

1372 1251 1444 1314 N

1063 1364 1088 1416 I
1099 1359 1271 1393 Nnullitate
1282 1360 1459 1401 profeffionis
1471 1371 1506 1392 ex
1518 1362 1544 1391 vi
1562 1372 1696 1404 metuque
1713 1363 1751 1395 il·
1785 1371 1790 1375 ¹

1109 1399 1168 1429 lato
1184 1401 1391 1439 exposcira‚n0n
1402 1403 1534 1442 quaeritur
1557 1411 1652 1444 utrum
1671 1402 1693 1432 is
1705 1405 1753 1439 qui

1137 1442 1301 1471 convenitur
1319 1457 1329 1473 2
1350 1449 1384 1469 an
1408 1442 1477 1471 alius
1499 1449 1608 1470 metum
1628 1443 1727 1471 iecerit
1740 1460 1752 1477 ,

1135 1478 1182 1508 sed
1201 1479 1301 1510 suffic1t
1319 1485 1430 1508 tantum
1453 1481 1555 1510 docete
1575 1489 1682 1509 metum
1703 1489 1753 1510 ta-

1136 1517 1192 1546 lem
1204 1518 1279 1549 fuisse
1290 1517 1397 1548 illatum
1407 1537 1418 1552 ,
1446 1519 1494 1558 qui
1509 1517 1602 1554 fortis,
1617 1521 1748 1550 constan-

1139 1555 1227 1598 tisque
1239 1558 1321 1588 animi
1335 1557 1429 1587 virum
1452 1565 1603 1594 concutere
1619 1559 1747 1595 potuerit

1137 1597 1233 1633 p.4.&
1245 1607 1272 1632 5.
1286 1601 1312 1630 ο.
1325 1596 1514 1627 Mediolanen.
1528 1599 1602 1626 circa
1614 1597 1706 1628 finem.

1097 1633 1176 1664 Dum
1189 1636 1216 1664 in
1226 1636 1289 1666 calu
1302 1643 1394 1666 metus
1407 1636 1502 1665 incuffi
1513 1647 1528 1665 a
1543 1637 1659 1666 Parente
1676 1658 1686 1673 ‚
1701 1638 1752 1676 qui

1136 1675 1263 1704 ducentis
1275 1676 1437 1706 milliaribus
1451 1686 1466 1704 a
1482 1675 1538 1704 filio
1548 1675 1665 1705 distabat
1679 1677 1748 1706 defi-

1137 1714 1208 1744 nivit
1220 1717 1298 1746 Rota
1311 1724 1342 1745 ut
1355 1713 1441 1744 viden
1452 1715 1556 1753 poterit
1570 1725 1605 1746 ex
1626 1714 1685 1746 loc.
1694 1717 1746 1745 cit.

1139 1753 1208 1783 ibid—

1130 1948 1232 1978 Rdines
1247 1947 1464 1979 mendicantium
1476 1958 1492 1978 a
1503 1949 1638 1981 solutione
1659 1950 1748 1980 Taxae

1139 1987 1284 2018 seminarii
1295 1997 1356 2016 tum
1366 1989 1600 2023 Tridentini,tu=n
1613 1992 1748 2018 Summo-

1137 2036 1199 2057 tum
1210 2026 1375 2057 Pontificum
1386 2028 1639 2060 constitutionibus
1652 2037 1684 2057 ac
1698 2028 1750 2057 de·

1137 2066 1220 2094 cretis
1232 2065 1295 2096 sunt
1306 2067 1543 2106 immunes,eoque
1561 2075 1667 2098 tantuin
1680 2065 1744 2095 casu

1140 2104 1205 2134 huic
1213 2107 1290 2135 oneri
1301 2105 1492 2142 subjiciuntur,
1505 2117 1568 2136 cuin
1580 2107 1682 2136 constet
1693 2114 1747 2134 eo-

1140 2154 1204 2173 rum
1215 2144 1348 2179 Eccleliis,
1361 2147 1388 2174 δι
1400 2144 1570 2176 Monasten'i's
1583 2145 1658 2174 unita
1670 2142 1748 2174 fuiffe

1140 2183 1278 2213 saecularia
1289 2184 1418 2214 beneficia
1428 2203 1439 2219 ,
1465 2194 1526 2221 quae
1538 2182 1642 2222 pridem
1656 2183 1744 2212 Taxae

1138 2232 1223 2252 onera
1233 2222 1358 2252 ferebant
1371 2232 1396 2259 p.
1409 2230 1422 2246 2
1431 2224 1455 2250 8·
1474 2225 1498 2255 §-
1512 2223 1545 2251 de
1559 2223 1745 2252 immunitate.

1062 2261 1182 2292 Ordines
1194 2262 1313 2291 minores
1327 2261 1447 2290 Abbates
1463 2260 1618 2297 Regulares
1634 2259 1750 2291 confer-

1138 2310 1168 2329 re
1181 2299 1304 2338 poss‘unt,
1331 2300 1376 2338 qui
1386 2298 1463 2329 usum
1481 2300 1582 2330 habent
1600 2298 1746 2330 Pontifica-

1137 2340 1297 2377 liumpro.
1312 2340 1336 2370 §-
1350 2339 1495 2379 Frifingen.
1507 2341 1533 2368 in
1545 2338 1664 2377 princip.

1097 2378 1185 2415 Quod
1196 2379 1269 2417 viget
1284 2380 1368 2408 etiam
1380 2388 1431 2416 pro
1441 2378 1493 2408 illis
1506 2378 1659 2409 Abbatibus
1670 2397 1681 2410 ,,
1696 2376 1747 2415 qui

1135 2417 1225 2446 adhuc
1247 2428 1301 2447 non
1331 2417 1445 2447 fuerunt
1465 2418 1655 2448 Benedietione
1683 2417 1748 2452 Epi·
1783 2427 1787 2432 ·

1137 2455 1238 2495 scopuli
1248 2456 1381 2496 impertiti
1395 2475 1404 2484 .
1414 2459 1488 2487 Cum
1501 2457 1576 2487 enim
1585 2456 1720 2486 eieffione
1735 2475 1744 2488 ,

1137 2497 1164 2524 &
1176 2494 1385 2526 confirmatione
1397 2506 1453 2526 nou
1466 2507 1534 2526 vero
1550 2494 1747 2526 Benedidione

1137 2533 1293 2573 Episcopali
1309 2535 1431 2565 Abbatet
1461 2534 1526 2564 fiant
1535 2555 1543 2570 ,
1566 2544 1687 2572 cumque
1710 2541 1747 2563 ex

1138 2573 1299 2611 Apostolico
1333 2573 1479 2612 privilegio
1513 2574 1676 2613 potestatem
1697 2571 1745 2599 ha-

1140 2613 1222 2643 beant
1235 2611 1406 2641 pontificalia
1424 2614 1570 2644 exercendi
1583 2631 1593 2647 ,
1608 2613 1681 2642 idem
1693 2609 1748 2637 hoc

1138 2651 1176 2680 est
1188 2660 1219 2679 ac
1233 2651 1251 2680 fi
1263 2649 1484 2680 Benedistionem
1502 2652 1665 2689 accepissent
1678 2648 1747 2686 Epi-

1135 2688 1272 2727 scopalein
1284 2699 1311 2727 p.
1322 2695 1336 2711 2
1349 2701 1352 2713 ³
1365 2709 1372 2717 .
1390 2692 1415 2719 0.
1432 2693 1471 2720 Ex
1482 2691 1524 2720 his
1537 2691 1563 2720 iu
1589 2690 1704 2732 princip.

1095 2730 1132 2770 Et
1150 2728 1219 2768 licet
1237 2737 1273 2762 ex
1283 2728 1498 2767 Constitutione
1509 2729 1647 2762 Benedicti
1656 2726 1746 2799 §cffi-
