1874 2961
1445 47 1486 80 41

259 103 273 113 ⁶
306 82 422 154 Die
440 83 723 155 sabbathi
751 108 773 153 1
790 91 842 154 8.
852 83 1013 172 Junii
1040 90 1221 179 1746.1

92 438 98 451 1
171 424 217 451 ,ἓν
255 416 313 453 33ἓῖ’

49 426 314 526 ἑᾷῖᾓ
341 464 485 518 Efinjtio
501 464 639 503 duarum
650 464 859 512 Causarum,
883 478 959 516 quae
974 468 1084 515 primo
1108 468 1190 505 loeo
1215 467 1425 514 sequuntur,
1448 465 1488 502 in

171 516 233 527 ⁴⁸⁴
278 521 314 527 Ν
355 514 477 549 ultima
503 517 764 560 congregatione
790 515 906 551 habita
934 518 988 553 die
1004 515 1056 551 28.
1082 517 1247 560 transatri
1267 514 1380 558 mensis
1397 515 1488 549 Maii

69 565 176 606 dilata
197 563 263 600 fuit
291 565 333 597 ad
356 562 438 597 hanc
465 565 782 607 congregationem:
807 563 975 598 Poterunt
993 562 1106 611 itaque
1134 561 1347 612 Ampliffimi
1371 561 1488 598 Patres

71 615 202 650 Folium
219 614 290 648 diei
305 610 404 647 illius
417 607 589 643 consulere
603 634 614 648 ,
640 616 677 643 ut
692 619 748 644 eas
765 611 944 658 expediant
958 634 969 645 .

25 714 132 798 M
146 757 336 796 ILETEN.
360 753 520 791 TAXIE
534 779 545 793 ,
570 754 605 789 in
618 765 683 801 qua
697 755 960 802 respondendum
976 757 1023 793 est
1034 782 1046 792 .

25 815 84 844 ,Λη
98 807 144 851 fit
157 806 312 849 standum
327 831 339 846 ,
365 805 424 840 vel
439 804 656 839 recedendum
672 815 692 836 a
705 804 818 848 deczsts
836 807 870 840 in
885 805 960 850 casu
973 809 1048 843 &c-

121 901 161 938 In
182 900 322 941 decisis,
347 899 379 934 ὃ(
399 896 547 946 amplius
563 925 572 935 .

20 1040 81 1122 S
92 1085 313 1122 EDUNEN.
340 1082 667 1121 FUNERALIUM
680 1111 690 1125 ,
713 1084 812 1128 cuius
826 1084 888 1120 VI.
907 1085 980 1121 sunt
995 1085 1112 1132 capita
1123 1110 1133 1121 .

24 1137 51 1169 Ι.
79 1133 138 1168 An
161 1134 265 1169 liceat
292 1133 499 1179 Presbytero
517 1132 681 1178 deputato.
703 1131 739 1167 in
764 1133 927 1168 Oratorio
954 1133 1055 1168 Villae
1079 1131 1297 1181 Camperiaci
1325 1133 1361 1168 in
1385 1131 1483 1178 ipso,

119 1181 233 1224 ejusve
250 1180 452 1216 Caemeterio
464 1180 636 1216 celebrare
659 1179 775 1215 omnia
789 1178 910 1215 Officia
930 1179 1087 1215 funebria
1101 1206 1110 1220 ‚
1133 1180 1315 1227 omnesque
1330 1180 1482 1216 funffio-

117 1239 178 1263 nes
204 1238 266 1273 pro
278 1227 514 1263 Cadaveribus
529 1226 766 1261 defunctorum
781 1254 792 1267 ‚
817 1239 890 1273 quae
914 1226 952 1262 in
975 1228 1094 1263 eodem
1107 1227 1271 1263 Oratorio
1287 1255 1297 1268 ‚
1320 1228 1381 1264 vel
1401 1226 1485 1263 Cae-

117 1273 262 1309 meterio
276 1273 486 1320 sepeliuntur
499 1274 535 1308 in
549 1273 605 1308 die
620 1273 807 1320 Sepulturae
820 1299 829 1308 .

21 1327 75 1359 ,IIr
92 1324 154 1358 An
168 1321 283 1356 eadem
297 1321 421 1356 Officia
438 1348 447 1362 ,
472 1322 504 1356 &
533 1319 718 1355 functiones
734 1320 838 1356 liceat
857 1320 967 1356 eidem
983 1321 1182 1367 Presbytero
1207 1323 1370 1366 deputato
1390 1321 1484 1357 cele-

117 1369 220 1405 brare
238 1368 354 1403 diebus
370 1368 459 1404 infra
472 1369 631 1410 octavam
644 1393 655 1408 ‚
679 1367 921 1410 Anniversarii
934 1395 945 1410 ,
970 1380 1009 1405 ac
1030 1369 1135 1405 etiam
1161 1380 1203 1404 ex
1218 1368 1317 1416 post.z
1344 1375 1388 1404 Et
1400 1380 1484 1415 qua-

118 1426 216 1452 tenus
237 1415 442 1460 affirmative
457 1443 465 1451 .
670 1455 672 1457 ,

21 1469 85 1500 ΙΙΙ.
109 1465 168 1499 An
181 1462 286 1497 dietus
299 1462 483 1510 Presbyter
508 1463 689 1509 deputatus
707 1461 883 1498 excludere
935 1463 1229 1502 offitParochum‚
1255 1462 1312 1498 seu
1327 1461 1484 1499 Priorem

117 1509 231 1544 Vallis
247 1507 357 1543 lliacae
382 1521 400 1543 a
429 1510 659 1546 celebratione
686 1510 884 1546 eorumdem
935 1511 1103 1547 fficiorum
1119 1538 1129 1551 ,
1155 1512 1186 1546 δι
1208 1510 1424 1546 functionum
1446 1511 1484 1545 in

119 1557 208 1592 dicto
219 1557 383 1591 Oratorio
396 1557 615 1604 Camperiaci
639 1566 708 1592 tam
720 1557 822 1592 indie
837 1559 1043 1603 Sepulturae',
1069 1569 1170 1600 quam
1193 1557 1228 1593 in
1242 1557 1385 1603 reliquis
1399 1582 1408 1590 .

26 1611 86 1642 IV.
112 1606 170 1640 An
199 1611 280 1638 taxa
292 1604 596 1639 emolumentorum
611 1631 620 1645 ,
647 1612 685 1639 ut
709 1606 949 1650 praetenditur,
974 1605 1106 1652 praefixa
1132 1617 1192 1652 per
1208 1604 1380 1639 Statutum
1395 1605 1482 1650 Epi-

121 1650 212 1697 scopi
235 1648 471 1685 confirmatum
496 1662 515 1685 a
529 1651 669 1687 Nuncio
680 1652 879 1699 Apostolico
894 1652 1138 1689 Helvetiorum
1163 1652 1202 1688 fit
1227 1649 1414 1687 servanda3
1438 1658 1483 1688 Et

121 1707 289 1746 quatenus
307 1700 471 1744 negative
485 1722 495 1732 .
1278 1701 1281 1703 ’

26 1754 71 1785 l'.
96 1746 154 1781 An
167 1745 198 1779 &
214 1756 286 1790 quae
301 1751 379 1779 taxa
392 1744 698 1781 emolumentorum
714 1745 932 1783 substineatur
943 1775 954 1789 ,
978 1748 1010 1782 &
1035 1744 1072 1780 fit
1088 1745 1250 1783 servanda
1261 1771 1272 1782 .

27 1800 86 1830 VJ.
111 1794 169 1829 An
184 1790 295 1827 eidem
308 1791 515 1838 Presbytero
535 1793 634 1827 liceat
648 1794 811 1840 impedire
825 1791 1121 1839 Camperiacenses
1145 1793 1304 1829 volentes
1325 1790 1483 1839 eliger&

118 1837 333 1886 Sepulturam
352 1839 387 1874 in
401 1836 548 1875 Ecclefia
559 1840 752 1876 Parochiali
766 1841 878 1876 Vallis
895 1841 1006 1877 lliacae
1024 1842 1060 1876 in
1078 1838 1156 1876 casu
1168 1841 1234 1876 ὅτε.

120 1937 182 1974 Ad
196 1938 348 1984 primum
365 1963 376 1977 ‚
399 1936 431 1973 &
445 1938 628 1973 secundum
644 1939 843 1975 affirmative
857 1938 895 1974 in
909 1940 1056 1975 absentia
1069 1939 1229 1975 Parochi.
1255 1940 1314 1974 Ad
1331 1937 1482 1979 tertium.

24 1989 59 2023 &
78 1994 237 2033 quartum
251 1985 412 2031 negative
424 2012 432 2021 .
457 1985 515 2021 Ad
530 1985 681 2031 quintum
695 1986 890 2022 servandam
901 1985 964 2022 effe
975 1987 1108 2023 Taxam
1122 1987 1245 2021 saetam
1258 1988 1297 2020 ab
1313 1985 1484 2033 Episcopo

23 2035 61 2070 in
75 2031 269 2070 visitatione
287 2032 367 2067 anni
387 2043 423 2073 ¹7
429 2043 443 2072 3
448 2044 483 2076 9.
498 2033 552 2068 Ad
566 2032 693 2069 sextum
705 2033 865 2080 negative
878 2060 889 2074 ,
911 2034 943 2069 &
957 2035 1102 2081 amplius
1115 2035 1150 2069 in
1162 2034 1318 2070 omnibus
1330 2057 1340 2068 .

27 2170 107 2253 C
120 2166 580 2203 ARPENTORACTEN.
606 2167 752 2215 Imperio
767 2168 861 2205 Sacri
875 2169 974 2212 hujus
987 2169 1127 2205 Senatus
1145 2168 1339 2205 definienda
1352 2178 1479 2215 propo-

133 2216 228 2251 nitur
244 2217 315 2251 haec
325 2214 435 2250 Causa
448 2241 458 2255 ,
483 2227 556 2262 quae
571 2216 647 2251 data
661 2216 724 2251 fuit
741 2215 777 2250 in
792 2218 885 2252 Folio
901 2219 1174 2264 congregationis
1200 2216 1324 2252 habitae
1347 2218 1401 2252 die
1424 2227 1478 2256 30.
1523 2239 1544 2269 d

74 2264 216 2311 Aprilis
231 2263 331 2309 hii-jus
344 2266 446 2303 anni,
471 2274 539 2308 qua
553 2264 606 2298 die
619 2290 630 2303 ,
655 2263 805 2298 Parocho
827 2262 1013 2306 Carumbi,
1038 2265 1070 2299 &
1095 2264 1167 2300 litis
1186 2262 1411 2299 Consortibus
1425 2261 1483 2297 di-

75 2310 238 2345 lationem
254 2310 497 2357 postulantibus
509 2336 519 2350 ,
543 2309 780 2358 rescripserunt
793 2310 1000 2358 Ampliflimi
1015 2311 1149 2347 Patres:
1177 2312 1298 2346 Dilata
1312 2337 1323 2350 ,
1348 2314 1482 2357 &pro-

70 2360 221 2408 ponetur
234 2360 268 2393 in
274 2360 392 2406 prima
405 2357 518 2400 mensis
531 2361 636 2402 CJunii
647 2371 656 2391 ε
683 2358 845 2392 Poterant
857 2358 959 2404 igitur
972 2360 1102 2395 Folium
1125 2360 1226 2395 illius
1243 2359 1482 2404 congregatio-

1475 765 1478 770 '
1522 760 1611 801 Seston.
1635 766 1733 796 ηαδ.

1525 803 1600 833 dere
1616 819 1626 833 ο

1499 1086 1501 1088 ’
1516 1088 1734 1128 θήκη-’σήμ

1522 1132 1560 1164 de
1569 1132 1683 1170 nsum·

77 2406 130 2438 nis
147 2413 270 2439 iterum
287 2405 401 2451 legere
411 2429 422 2444 ‚
437 2413 474 2438 ut
485 2403 657 2450 perpensis
674 2404 803 2447 juribus
814 2431 824 2444 ‚
838 2417 912 2452 quae
923 2417 1013 2441 nunc
1025 2413 1267 2453 proponuntur
1278 2430 1290 2445 ,
1304 2403 1482 2441 definiant.
1563 2429 1565 2432 -

29 2449 299 2493 Anfitstandum
323 2455 357 2488 in
365 2454 478 2500 primo
491 2477 502 2490 ‚
525 2453 587 2488 vel
602 2454 746 2496 secundo
764 2453 836 2489 loco
848 2452 961 2496 decisis
982 2457 1017 2490 in
1031 2453 1107 2498 casu
1120 2458 1197 2490 &c-

126 2549 168 2585 ln
188 2528 335 2587 secundo
355 2550 437 2587 loco
456 2549 576 2587 decisis
594 2576 604 2591 ‚
629 2550 660 2585 &
681 2549 827 2598 amplius
841 2578 850 2587 .

123 2689 287 2723 :rom-XV.
874 2683 902 2720 F
1373 2686 1486 2723 ROS—
