1874 2961
1455 88 1474 115 ὅ
1508 100 1509 105 ,

85 133 167 172 ,usti
191 131 382 172 ann11742..
402 127 587 164 invalidam
611 124 834 161 declararunt
859 123 1100 172 profeffionem
1125 137 1143 159 a
1163 124 1306 171 Iosepho
1326 94 1504 167 emissam9‚

84 170 142 228 iiiii
157 192 269 218 tamen
284 201 296 216 ,
320 179 442 219 utiure
455 174 628 220 religiosas
643 172 748 208 vestes
769 173 941 207 dimittere
970 170 1094 218 poss’et,
1116 172 1258 207 Sacrum
1286 174 1374 208 hunc
1397 174 1506 209 Sena-

84 240 156 265 tum
178 228 272 265 adire
287 234 446 262 tenetur5
472 222 740 268 Archiepilcopo
765 231 848 255 vero
863 220 974 255 visunt
989 219 1035 254 est
1051 222 1230 254 decernere
1258 220 1506 256 beneficium-

84 274 307 313 restitutionis
328 272 362 306 in
378 272 554 317 integrum·
571 268 797 304 obtinendum
826 268 918 313 prius
939 266 1003 302 ess’e
1026 278 1044 301 a
1061 265 1221 312 Iosepho,
1249 267 1305 313 qni
1321 279 1438 313 preces
1458 268 1505 303 ob

82 322 120 358 id
139 322 265 359 obtulit
289 317 518 354 Sacratiffimo
533 315 680 361 Principi
697 314 809 350 nostro
823 340 833 353 ‚
851 315 973 362 quibus
990 312 1190 348 beneficium
1205 315 1272 349 hoc
1292 314 1506 359 postulabat.

83 371 185 407 Data
207 365 440 416 postulationis
465 364 562 406 hujus
577 362 731 410 cognitio
747 362 811 398 fuit
825 361 1033 407 ampliffimis
1049 361 1204 396 Patribus
1218 388 1228 401 ,
1254 362 1377 407 quibus
1402 372 1504 400 nunc.

82 417 206 453 auditis
243 416 311 459 jam
338 411 636 458 Archiepiscopo,
661 411 692 446 &
715 409 941 446 Procuratori
966 407 1130 444 Generali
1163 407 1306 444 Ordinis
1331 408 1477 444 universi
1493 435 1505 449 ‚

84 477 136 501 res
151 462 340 498 definienda
366 459 570 505 proponitur
585 482 594 492 .

42 513 125 551 Due
152 512 225 547 sunt
237 508 387 544 rationes
413 532 422 545 ‚
449 506 570 551 quibus
594 504 847 540 restitutionem
870 505 980 552 sperat
1007 503 1123 549 Ioseph
1155 530 1165 544 ,
1189 504 1299 541 altera
1321 532 1331 545 ‚
1356 504 1444 552 quod
1467 504 1506 539 in

85 557 248 594 Ordinem
273 561 428 599 receptus
443 551 571 592 fuerit,
597 563 672 587 cum
687 562 822 587 aetatem
847 562 962 599 ageret
986 562 1152 586 annorum
1177 552 1370 590 sexdecinn
1400 552 1506 586 altera

85 605 174 652 quod
188 603 341 638 morbum
358 624 367 637 ‚
381 600 417 634 δε
428 599 514 634 vitia
528 624 537 638 ,
564 611 644 645 qux.
660 599 804 634 remedii
820 600 910 635 vires
926 600 1122 644 superabant
1139 624 1148 635 ,
1172 609 1209 633 ut
1225 598 1504 634 testificationem

84 652 217 688 facium
232 648 334 684 testes
344 646 454 692 plures
472 644 625 681 formiter
645 645 779 692 repetiti
795 673 806 686 ‚
831 647 1006 682 medicina:
1022 643 1217 690 professores
1231 673 1242 686 ‚
1269 647 1299 680 ὅ(
1325 645 1435 691 plures
1454 645 1504 680 sui

86 693 338 734 Ordinis-viri,
357 703 375 726 a
399 691 585 728 nativitate
606 692 716 728 secum
743 694 888 734 tulerit,
915 705 992 730 cum
1022 693 1053 727 &
1070 702 1227 738 parentes
1244 721 1254 734 ‚
1280 693 1311 727 δι
1341 692 1507 734 tresejus

85 745 211 782 fratres¹
227 743 347 777 eodem
373 738 472 789 vitio·
489 738 599 775 affecu'
618 740 735 775 misere
763 741 928 786 perierint
952 766 970 780 ,‹
987 742 1167 784 eodemque
1195 740 1265 784 ipse
1287 742 1402 775 morbo
1426 748 1504 774 tum

91 801 170 827 ante
185 816 194 830 ,
219 797 291 823 tum
317 784 390 833 post
404 785 582 832 ingressum
599 786 702 821 Mona
711 786 799 822 sterii
812 788 869 823 diu
885 816 895 828 ,
921 788 1116 832 assidueque
1133 786 1253 832 pressus
1267 787 1373 822 fuerit
1386 812 1397 825 ,
1411 785 1506 821 ideo-

89 849 154 884 que
165 847 243 873 cum
262 842 382 869 contra
398 834 684 879 apertasOrdinis
696 834 784 881 leges
799 862 809 875 ,
834 849 908 882 quae
921 834 1151 870 valetudinem
1165 835 1329 880 optimam
1343 860 1352 872 ,
1379 834 1410 867 &
1425 841 1507 868 aeta-

88 895 161 921 tem
183 888 230 919 18.
246 888 419 917 annorum·
442 881 619 928 requirunt
643 882 678 916 in
695 881 735 916 iis
751 908 762 921 ,
787 884 844 930 qui
859 883 1010 928 cooptari
1037 881 1188 922 debent,
1213 879 1376 927 professio
1391 878 1507 914 emissa

88 931 151 970 fit,
176 931 335 977 sequatur
352 927 489 962 nullam
502 940 576 963 eam
589 926 651 964 esse
668 956 678 970 ‚
702 929 732 964 &
750 930 967 970 invalidam„
983 930 1014 964 &
1037 929 1112 963 ideo
1136 928 1378 974 indulgendam
1406 925 1506 963 esse)

88 978 359 1015 restitutionem.
383 975 719 1018 Accedit-judicium
734 976 992 1023 Archiepiscopi
1007 1003 1016 1016 ,
1041 977 1072 1011 &
1096 976 1329 1022 praesectorum
1353 974 1508 1013 Ordinis,

89 1027 151 1072 qui
177 1034 291 1061 omnes
323 1023 496 1057 adversam
512 1023 748 1058 valetudinem
774 1024 1044 1060 &insanabilem
1071 1023 1204 1069 losepbi
1232 1022 1508 1057 infirmitatem...

89 1071 274 1119 agnoscunt
290 1068 483 1105 ‚Pertinet
510 1070 616 1116 igitur
639 1070 681 1104 ad
705 1071 906 1117 religionem
932 1072 1037 1107 animi
1062 1069 1200 1105 Patrum
1223 1068 1510 1116 ampliflirnorum

88 1123 266 1156 decernere
281 1143 291 1156 ‚
312 1118 386 1159 iura
411 1116 466 1152 sua
488 1116 645 1152 haetenus
661 1129 729 1152 non
746 1128 957 1164 proponente
974 1118 1008 1154 N
1014 1117 1127 1153 icolao
1142 1116 1356 1155 Perimezzio
1369 1113 1521 1162 josephi..

91 1166 220 1207 ⁴fratre,
246 1164 305 1212 qui
327 1163 398 1200 sese
417 1162 582 1211 praestitit·
598 1165 880 1201 contradictorem
895 1192 918 1201 ..

50 1268 110 1305 'An
133 1264 178 1310 fit
191 1265 395 1302 concedenda
419 1264 589 1306 restitutio
618 1268 653 1302 in
668 1267 839 1314 integrum
859 1268 895 1302 in
910 1266 986 1310 casu
1005 1267 1095 1303 &cv

137 1399 370 1437 ITECTENss.
397 1400 666 1439 BENEFICII.
695 1401 810 1438 Morte
832 1401 928 1437 obita
950 1402 1005 1438 die
1030 1413 1086 1438 22.
1107 1401 1240 1447 Aprilis
1267 1405 1346 1437 anni
1365 1409 1476 1447 1743.›
1491 1410 1523 1435 a·-
1547 1404 1769 1444 gemmam.

123 1455 127 1458 ”
146 1449 327 1484 Francisco
340 1448 446 1484 Paulo
457 1448 661 1487 Mance'rio‚
688 1450 825 1495 simplex
841 1451 982 1485 vacavit
994 1477 1003 1486 .
1031 1448 1241 1484 Beneficium
1258 1449 1364 1495 vulgo
1380 1459 1522 1483 nuncu->
1548 1447 1660 1485 day·-

90 1505 209 1546 patum
231 1498 267 1531 di
281 1500 462 1532 Domenico
487 1499 523 1533 di
535 1497 677 1539 Ginefra
692 1523 702 1537 ‚
725 1497 820 1539 cuius
844 1506 1042 1543 patronatus
1058 1496 1104 1532 est
1118 1499 1205 1540 apud
1222 1495 1390 1531 familiam
1404 1494 1519 1529 Man--

90 1544 243 1583 ceriam,
268 1543 302 1578 ἀ
316 1552 434 1589 patres·
448 1543 583 1592 ordinis
598 1543 857 1580 D.-Dominici
871 1570 882 1584 ,
908 1545 967 1592 qui
996 1544 1115 1580 Biteffi
1137 1543 1484 1590 collegium'habent
1499 1567 1510 1576 .

90 1592 215 1631 Hine,
233 1591 264 1626 &
278 1599 415 1636 patres,
438 1591 470 1626 &
490 1590 645 1626 Michael
662 1591 858 1627 Mancerius
876 1593 916 1626 ad
938 1591 1024 1626 illud
1050 1590 1301 1640 praesentatunt
1328 1590 1381 1625 Fr.
1400 1589 1508 1635 Hya-

92 1639 225 1675 cituum
243 1636 430 1686 professum
445 1638 481 1673 in
496 1638 627 1673 Ordine
640 1638 820 1675 Minorum
840 1665 851 1679 ,
875 1639 1071 1674 conditione
1086 1637 1404 1676 adjecta‘obtmendx
1417 1637 1512 1682 Apo-

93 1685 255 1721 stolicam-
272 1684 609 1731 Dispensationem,
633 1697 706 1732 qua*
722 1686 830 1732 petita
844 1713 853 1726 ‚
884 1685 965 1723 data
978 1686 1044 1722 fuit
1074 1686 1275 1732 aboptimo
1288 1685 1510 1728 maximoque

90 1733 254 1779 Principe
274 1731 384 1766 nostro
408 1732 613 1780 ampiiffimis
637 1733 791 1768 Patribus
816 1734 888 1774 eius
904 1734 1072 1780 cognitio·
1088 1761 1098 1774 ‚
1123 1745 1141 1767 a
1161 1735 1282 1780 quibus
1307 1732 1448 1770 audito,
1472 1739 1514 1765 ut

90 1779 164 1815 fieri
190 1778 495 1827 solet‘rEpiscopo
522 1779 663 1820 adiectae.
685 1779 824 1816 fuerunt
852 1780 1015 1826 rescripto
1042 1779 1355 1818 solitae.formulae,
1381 1779 1513 1813 &cau-

91 1827 202 1862 tiones
213 1853 223 1866 ‚
251 1834 290 1861 ut
311 1834 446 1872 tempus
471 1827 627 1873 patronis
640 1837 708 1861 non
726 1837 875 1863 curreret
890 1839 953 1874 per
968 1828 1094 1863 menses
1108 1828 1191 1862 dnos
1206 1853 1215 1867 ‚
1240 1822 1514 1872 quibusdilapfis

92 1875 238 1910 alterum
263 1872 420 1907 bimestre
438 1873 555 1909 datum
577 1874 649 1908 est·.
673 1873 798 1909 Tertio
813 1876 876 1908 hoc
888 1884 1021 1920 tempus
1045 1884 1265 1920 prorogatum
1285 1872 1350 1908 fuit
1370 1872 1413 1907 ad
1427 1872 1514 1906 alios

93 1922 184 1957 duos*
196 1919 322 1954 menses
338 1945 349 1959 ,
377 1919 430 1954 sed
446 1919 580 1956 defectu
592 1928 790 1966 opportunae
806 1922 1076 1966 praesentationis
1089 1923 1125 1956 in
1141 1921 1250 1956 Curia
1267 1920 1399 1967 placuit
1412 1918 1516 1965 Epis-

91 1979 202 2013 copo,
230 1966 382 2003 bimestri
399 1967 644 2012 alio-tempore
661 1967 830 2003 transadio
845 1993 855 2007 ,
880 1969 1085 2004 beneficium
1110 1969 1187 2012 jure
1202 1968 1364 2003 devoluto
1379 1964 1517 2001 confer-

91 2027 131 2051 re
153 2014 212 2049 die
226 2021 280 2060 17:
295 2014 498 2049 Decembris
513 2013 670 2056 ejusdem
686 2014 1032 2052 anniRoccoArenae
1047 2042 1056 2055 ‚
1089 2016 1146 2062 qui
1176 2013 1410 2062 possessionem
1436 2012 1513 2047 inde

90 2061 207 2097 naffus
226 2059 272 2095 est
294 2073 304 2093 τ
330 2061 424 2096 Hinc
452 2061 649 2097 de‘vitibus
667 2060 804 2104 huiusce
824 2063 1020 2098 collationis
1046 2064 1234 2109 disputatio
1248 2061 1354 2106 prima
1367 2058 1514 2107 proponi

92 2119 149 2145 tur
168 2107 377 2152 ampliffimis
394 2108 552 2144 Patribus
570 2135 587 2151 ,—
604 2109 663 2146 cui
675 2108 838 2145 succedit
853 2110 964 2146 altera
986 2111 1099 2155 petitae
1126 2108 1385 2155 dispensationis
1402 2109 1514 2142 ‚Are—

92 2168 137 2192 na
153 2182 163 2195 ,
186 2167 206 2189 a
219 2167 287 2201 quo
300 2154 478 2191 dumtaxat
503 2155 671 2191 libellum·
688 2155 867 2192 habuimus
882 2184 892 2196 ‚
920 2158 1066 2192 validam
1101 2156 1199 2192 fuiffe
1223 2155 1359 2191 disserit·
1378 2152 1517 2189 institu-

94 2204 227 2239 tionem
249 2204 294 2237 ob
306 2211 458 2246 apertam
479 2202 750 2239 devolutionem·
770 2204 863 2248 lapsu
891 2206 1057 2251 temporis
1081 2204 1149 2239 dati
1166 2203 1209 2240 ad
1227 2202 1487 2248 praesentandum
1503 2227 1514 2240 ‚

97 2251 131 2285 δι
145 2247 266 2285 cessata
282 2250 525 2297 prorogatione
541 2251 636 2285 omni
661 2250 791 2286 indulta
807 2251 851 2285 ab
861 2251 927 2287 hoc
944 2253 1044 2287 Sacro
1059 2251 1248 2288 Tribunali
1262 2265 1273 2291 ,·
1291 2261 1357 2287 nec
1367 2250 1517 2296 spectan-

96 2298 174 2332 dam
196 2295 261 2331 effe
282 2296 391 2345 >aliam
415 2297 696 2344 prorogationem
722 2298 891 2334 indultam
916 2299 970 2335 die
993 2310 1046 2339 14.
1061 2298 1266 2336 Decembris
1289 2298 1488 2336 anni·1743.
1504 2321 1516 2334 ,

97 2356 176 2379 cum
197 2344 234 2379 in
246 2342 355 2379 Curia
369 2345 471 2379 edita:
490 2344 601 2380 fuerit‘
619 2344 672 2381 die
690 2356 744 2380 roz
765 2345 921 2386 januarii
951 2346 1032 2382 anni
1062 2358 1158 2395 1744.
1178 2373 1188 2387 ‚
1212 2347 1250 2381 &⁴
1271 2344 1515 2389 consequenter

93 2390 173 2440 jure
189 2391 345 2436 potuerit
356 2390 542 2438 Episcopus
557 2391 763 2428 beneficium
777 2392 865 2428 illud
880 2393 931 2428 uti
949 2394 1151 2430 devolutum
1165 2392 1320 2429 conferre
1331 2404 1343 2428 ;
1364 2391 1517 2425 Demum

100 2448 169 2472 non
188 2436 277 2484 posse
289 2438 507 2474 Michaelem-
524 2437 805 2484 dispensationem
831 2449 951 2487 petere
969 2442 1087 2478 favore
1108 2440 1299 2486 Hyacinthi
1313 2437 1442 2476 fratris,
1457 2437 1517 2484 qui

102 2484 272 2531 Regulari
294 2486 417 2520 Ordini
433 2486 626 2530 adscriptus
648 2487 814 2523 secularia
835 2486 996 2524 beneficia
1021 2490 1179 2524 obtinere
1197 2498 1265 2521 non
1289 2487 1411 2525 debet,
1430 2496 1517 2532 pra.-

105 2529 217 2567 sertim
233 2534 324 2579 quod
336 2532 451 2580 omnis·
471 2533 553 2569 abiit
578 2535 871 2569 ratio-tenuitatis
899 2535 1105 2571 Patrimonii
1136 2533 1343 2573 Michaelis,
1367 2534 1425 2579 qui
1449 2534 1517 2566 ho-

106 2577 231 2629 nestam
245 2605 256 2620 ,
279 2580 746 2617 &satisvcommodamvitam
762 2581 911 2617 traducit
924 2608 934 2622 ,
961 2594 1065 2628 atque
1079 2583 1161 2625 juris
1174 2581 1334 2620 scientia,
1357 2592 1422 2627 qua
1439 2579 1517 2623 plu-

107 2636 231 2677 rimum
257 2629 582 2678 valet’‚.pl'urimum·
602 2628 712 2668 etiam
732 2628 818 2669 lucri
844 2627 950 2670 facit.
977 2632 1042 2668 His
1068 2630 1216 2677 cognitis
1245 2625 1525 2676 respondendum.

107 2681 176 2709 erit
199 2673 241 2710 ab
255 2674 460 2722 ampliffimis
480 2676 653 2716 Patribus.
1422 2723 1424 2726 .

1400 2728 1424 2760 Ι,
1451 2726 1520 2756 -A'n‘
