1874 2961
304 143 414 166 „ww
796 149 798 151 ,

84 198 156 224 non
181 187 314 227 defuit,
338 188 548 235 putabatque
573 200 629 224 eas
653 187 712 222 sibi
733 188 1033 234 dariquotidianas
1060 191 1327 233 distributiones,
1349 206 1422 242 quae
1442 160 1509 233 a?

86 235 147 270 but
172 235 280 271 solent
304 236 366 276 tis,
393 238 450 282 qui
475 236 663 272 intersunt.
694 235 876 282 Negarunt
904 247 1016 273 tamen
1033 240 1189 274 nonnulli
1218 242 1361 283 ejusdcm
1380 244 1505 282 Colle-

82 285 183 330 giatae
198 281 352 318 Ecclesia:
369 284 540 320 Canonici
577 284 728 329 integras
752 283 902 330 prastare
928 285 1212 325 distributiones‚·
1244 292 1501 328 contendebant

81 331 174 366 enim
190 330 382 366 Brianzium
399 331 574 366 dimidiam
602 341 735 366 tanturn
752 343 869 367 carum
884 343 1013 377 partem
1040 345 1158 380 capere
1183 335 1306 370 dtbere
1330 340 1377 371 ob
1405 340 1504 375 desc-

78 379 166 414 ctum
193 381 374 415 Sacrorum
390 379 581 414 Ordinum:
605 379 658 414 Re
691 378 797 425 igitur
811 390 828 412 a
844 379 1004 416 Brianzio
1018 383 1057 416 ad
1074 383 1326 427 Atnplttiimum
1343 385 1406 419 hoc
1424 390 1439 420 'l
1454 388 1502 422 ri-

77 426 183 463 bunal
201 427 313 462 delata
328 451 338 464 ‚
361 427 544 471 auditoque
572 427 642 470 iam
658 427 823 474 Episcopo
841 454 851 470 ,
875 428 1107 466 controversia
1131 440 1218 466 nunc
1244 431 1310 466 ΕΕ.
1327 432 1394 467 Pl'.
1416 433 1507 468 defi--

77 475 201 511 nienda
227 475 433 522 proponitur
451 501 460 510 .

35 522 123 565 Juris
147 521 317 569 Regulam
334 548 344 562 ‚
367 535 440 570 qtiae
461 522 538 558 vult
563 522 700 570 integro
713 523 988 563 distributionum
1004 525 1207 570 compendio
1224 527 1314 567 frui,
1345 529 1403 574 qui
1421 530 1501 565 cho-

79 583 121 607 ro
143 569 336 618 divinisque
359 571 493 606 Officiis
513 570 712 607 intersitlibi
727 572 842 608 favere
864 583 1017 619 apertum
1037 573 1124 614 esse,
1148 573 1322 610 Brianzius
1337 576 1499 620 disputat,

77 631 143 656 nec
160 616 268 652 obesse
294 616 487 657 Tridentini
507 618 694 655 Decretum
711 621 843 666 Sestlzz.
858 631 966 668 cusai.
984 625 1023 657 de
1037 622 1100 666 ref.
1112 624 1198 667 quod
1214 633 1255 656 eo
1267 634 1331 657 non
1348 624 1497 658 affician-

78 675 135 702 tur
149 665 336 705 Canonici,
365 666 423 714 qui
438 665 531 701 nulla
553 669 653 714 culpa
667 694 677 707 ‚
700 669 858 714 nullaque
879 669 1085 715 negligentia
1103 695 1112 708 ‚
1133 667 1186 703 seu
1204 670 1310 705 atatis
1340 679 1471 705 tantum
1486 699 1497 711 ‚

80 713 136 750 vel
166 713 234 749 alia
260 712 416 761 legitima
443 713 540 748 causa
565 715 683 751 Sacros
712 716 855 751 Ordines
880 715 1041 760 suscipere
1069 727 1134 749 non
1159 725 1365 760 potuerunt,
1394 727 1429 752 ut
1452 718 1497 753 est

79 762 170 808 apud
200 759 337 804 Btzrbosz
365 763 402 799 de
435 767 552 798 Canon.
578 772 710 810 cap-zi.
741 776 889 800 πωπω,
923 765 954 798 ἃ
978 774 1080 809 nuper
1099 761 1277 800 definitum
1300 764 1346 798 est
1372 766 1412 798 ab
1429 767 1495 800 ltoc

79 811 180 844 Sacro
194 807 320 844 Senatu
336 810 372 843 in
390 809 487 845 causa
505 817 651 857 Romana
667 812 841 853 ftm‘hnm
859 814 1080 847 canonicatus
1098 820 1154 845 22.
1167 811 1248 851 Jtilii
1269 823 1364 856 174t.
1378 823 1491 859 eoque

80 855 246 901 amplius,
275 856 362 902 quod
387 868 441 892 res
466 857 512 893 est
536 856 578 895 de
605 855 820 892 Canonicatu
836 883 846 896 ,
869 870 966 904 quem
986 857 1159 893 Brianzius
1185 859 1336 892 obtinuit
1355 870 1373 892 a
1390 860 1494 893 Sum—

79 913 137 939 mo
153 902 346 942 Pontifice,
369 906 427 950 qui
450 906 551 940 etiam
575 903 683 939 :etatis
699 904 844 940 defectui
863 907 965 941 tacite
990 903 1186 951 dispensasse
1215 906 1400 950 putandum
1426 905 1496 944 est,

77 949 215 998 quando
229 950 482 989 canonicatum
511 952 659 987 contulit
675 952 709 987 in
724 964 821 991 etim,
848 966 948 999 quem
962 953 1088 988 sciebat
1105 952 1272 987 decimum
1289 980 1298 994 ,
1325 953 1355 987 δι
1385 952 1495 999 septi-

76 1009 168 1035 mum
185 1001 294 1036 aetatis
319 1010 446 1035 annum
464 1011 561 1046 agere
582 1028 591 1040 ,
615 1010 652 1035 ut
676 1009 788 1035 monet
810 1001 954 1044 Bai-bosa
982 1002 1094 1037 eodem
1118 1001 1221 1035 τναέῗ.
1241 1007 1376 1048 cap.i6.
1397 1010 1494 1034 miz.

77 1044 254 1093 quirefert
282 1048 328 1082 ita
344 1046 469 1093 pluries
485 1047 683 1093 rescripsisse
703 1046 942 1093 amptiffimum
968 1049 1055 1083 hunc
1083 1046 1272 1082 Ordinem:
1304 1049 1420 1091 Atqte
1447 1046 1493 1080 cb

80 1093 118 1129 id
144 1092 261 1130 frustra
278 1107 295 1129 a
310 1094 499 1130 canonicis
531 1095 829 1130 contradictoribus
856 1096 976 1142 excipi
997 1093 1144 1130 Brianzii
1160 1092 1406 1128 Canonicatutn
1423 1094 1492 1127 Or-

77 1140 166 1176 dinis
180 1139 243 1177 effe
270 1142 515 1180 Sacerdotalis,
545 1144 575 1177 δι
603 1143 688 1177 hanc
704 1140 768 1176 esse
794 1142 828 1176 in
844 1141 901 1177 illa
916 1141 1117 1188 Collegiata
1141 1140 1285 1178 Ecclesia
1311 1140 1490 1176 consuetu—

75 1187 190 1223 dinem
207 1215 217 1228 ,
242 1197 280 1225 ut
294 1189 360 1229 iis,
386 1189 444 1235 qui
471 1201 537 1224 non
562 1190 687 1225 habent
714 1188 877 1224 Ordinem
892 1189 997 1224 alicui
1015 1189 1205 1225 Pnebencst
1234 1188 1399 1223 adnexum
1415 1188 1491 1228 ‚di-

76 1235 182 1271 midia
219 1238 414 1275 detrahatur
449 1249 523 1283 pars
556 1237 831 1272 distributionum
864 1250 872 1269 :
907 1238 1003 1271 Onus
1035 1235 1158 1284 quippe
1195 1235 1378 1270 Sacrorum
1406 1246 1490 1269 cer-

73 1283 116 1317 tis
153 1283 267 1320 diebus
304 1284 515 1330 agendorum
554 1284 630 1318 satis
659 1297 676 1318 a
707 1284 867 1319 Brianzio
894 1284 1030 1329 impleri
1072 1294 1128 1328 per
1153 1281 1238 1317 alios
1264 1282 1486 1320 Canonicos,

78 1338 116 1364 ut
158 1342 286 1377 aequum
319 1342 386 1365 non
422 1329 462 1365 sit
486 1358 495 1370 ‚
530 1331 608 1366 dum
643 1343 728 1366 onus
769 1330 834 1365 fert
862 1357 872 1370 ,
909 1330 1182 1366 distributionum
1220 1329 1313 1364 lucro
1348 1340 1488 1368 carere,

75 1378 162 1422 quod
188 1380 218 1411 ei
238 1379 406 1415 obvenit,
433 1390 502 1412 non
527 1389 570 1414 ex
592 1378 689 1413 causa
722 1377 893 1412 Sacrorum
910 1404 919 1417 ‚
945 1377 999 1411 sed
1027 1376 1076 1411 titi
1110 1375 1309 1422 stipendium
1339 1374 1489 1417 laboris,

75 1425 107 1458 δι
137 1425 357 1467 ρικϊΐεηῑίεεέ
383 1423 658 1460 consuetudinem
683 1436 766 1460 vero
795 1425 950 1459 nolentes
978 1450 986 1464 ,
1017 1433 1075 1458 aut
1113 1423 1321 1469 negligentes
1350 1422 1486 1456 afficere

74 1471 183 1516 posse,
208 1483 277 1507 non
289 1482 345 1507 eos
361 1498 368 1511 ,
396 1473 451 1518 qui
466 1471 551 1515 justo
576 1472 816 1518 impedimento
840 1470 972 1506 distenti
988 1473 1027 1505 ad
1047 1472 1165 1505 Sacros
1184 1470 1328 1505 Ordines
1344 1480 1489 1516 promo-

74 1518 148 1554 veri
177 1531 247 1554 non
273 1518 431 1564 possunt,
458 1520 491 1554 &
515 1521 558 1554 ob
574 1520 605 1553 id
620 1519 835 1564 spernendam
862 1530 935 1553 eam
962 1517 1026 1552 effe
1050 1518 1090 1551 ab
1119 1516 1351 1561 Amplissimis
1376 1516 1489 1550 Patri-

73 1565 135 1600 bus
151 1592 161 1605 ,
186 1568 236 1601 uti
266 1566 362 1601 illam
388 1567 514 1612 sprevit
541 1569 574 1602 in
592 1566 716 1606 simili,
738 1566 772 1601 iri
787 1577 851 1611 qua
869 1564 1039 1600 versamur
1053 1589 1063 1602 ,
1088 1563 1310 1609 disputatione
1326 1563 1489 1598 Vicarius

71 1611 254 1648 Generalis
270 1640 280 1653 ,
314 1612 371 1658 qui
395 1623 513 1650 contra
538 1614 729 1660 capitulum
755 1613 952 1647 sententiam
974 1614 1071 1650 tulit,
1095 1623 1168 1656 quae
1195 1613 1228 1644 in
1241 1611 1490 1645 authoritatem

71 1661 123 1695 rei
144 1661 303 1703 judicatae
328 1661 489 1696 transaCta
508 1660 554 1696 est
570 1690 577 1697 .
606 1664 688 1696 Haec
713 1660 891 1695 Brianzius
918 1674 926 1692 =
953 1657 1103 1693 Libellus
1128 1669 1146 1691 a
1164 1657 1350 1704 Canonicis
1377 1656 1489 1691 hacte-

71 1718 134 1742 nus
149 1710 244 1744 datus
272 1719 338 1743 non
366 1708 454 1747 suit;
480 1709 629 1745 Videant
655 1707 759 1754 igitur
786 1706 1046 1741 Etninentissimi
1064 1707 1175 1740 Patres
1193 1732 1200 1739 .

24 1753 85 1791 {An
105 1760 262 1793 canonico
287 1756 434 1804 '⁴Josepl10
461 1759 625 1792 Bri-mzio
651 1767 741 1801 aeque
758 1781 767 1794 ‚
789 1768 826 1789 ac
849 1754 932 1789 aliis
962 1756 1134 1789 canonicis
1164 1753 1356 1798 Colligiatae
1375 1757 1408 1786 S.
1425 1756 1491 1787 ‘Pe-

73 1806 125 1839 tri
146 1803 333 1841 debeantur
359 1803 614 1845 distributiones
630 1804 835 1850 quotidiam
853 1803 888 1837 in
904 1802 978 1848 casn
995 1805 1071 1838 (irc.

120 1902 202 1938 Non
227 1903 393 1950 proposita
419 1914 496 1939 cum
511 1901 680 1952 sequenti.

18 2037 113 2120 N
130 2039 337 2092 ARNlEN.
371 2043 423 2078 De
437 2042 657 2097 facult-atibus
684 2041 748 2077 suis
773 2039 916 2085 amplius
930 2065 940 2079 ‚
963 2049 1065 2086 quam
1083 2037 1127 2091 in*
1145 2036 1296 2092 iis-esset
1316 2036 1486 2089 ‚tsperans
1533 2046 1720 2088 Seffi25,c‚4,

143 2087 312 2124 Nicolaus
335 2089 538 2126 Marrubius
562 2089 735 2124 I'arochus
759 2086 914 2123 Ecciefiae
937 2086 971 2121 S.
989 2087 1165 2121 Valentini
1194 2098 1229 2121 in
1243 2086 1383 2131 Oppido
1397 2084 1487 2119 Car·
1513 2087 1550 2117 de
1561 2083 1633 2122 Ref-

65 2131 113 2166 bii
138 2134 336 2171 testamento
351 2163 362 2177 ‚
388 2139 419 2172 &
439 2137 607 2172 codicillis
633 2136 727 2178 jussit
742 2162 751 2175 ‚
780 2144 816 2169 ut
837 2135 894 2169 sua
917 2134 1096 2169 haereditas
1119 2132 1189 2179 post
1220 2132 1351 2167 obitum
1366 2131 1488 2166 Sacer-

62 2179 157 2215 dotis
188 2181 370 2219 Dominici
391 2185 544 2219 Antonii
557 2183 724 2218 Marrubii
740 2209 750 2222 ‚
774 2193 873 2230 quem
892 2181 1061 2216 haeredem
1083 2179 1212 2227 scripsit
1227 2182 1264 2215 in
1281 2177 1455 2214 usufruClu
1471 2205 1484 2219 ‚

61 2235 165 2274 atque
196 2230 293 2264 unius
320 2242 363 2265 ex
386 2230 467 2265 filiis
493 2230 666 2266 Francisci
693 2230 819 2265 Mariae
845 2228 963 2264 Rosati
991 2254 1000 2266 ,
1027 2227 1085 2273 qui
1109 2227 1268 2262 Sacerdos
1294 2225 1417 2266 fieret,
1441 2227 1483 2261 ad

59 2277 370 2321 congregationem
397 2280 670 2324 presbyterorum
684 2305 693 2317 ,
717 2289 789 2323 quse
811 2284 886 2311 erat
916 2275 949 2309 in
965 2274 1092 2309 Ecclest
1112 2273 1227 2308 Matre
1243 2272 1394 2315 ejusdem
1407 2274 1482 2323 *Op-

59 2321 133 2366 pidi
159 2322 367 2363 deferretur,
396 2326 474 2360 dato
496 2336 600 2360 onere
621 2324 738 2360 omnia
762 2326 853 2359 bona
878 2321 1048 2358 alienandi
1076 2347 1086 2361 ,
1109 2321 1264 2366 praetium
1290 2319 1480 2354 investien—

59 2367 119 2407 di,
142 2370 237 2411 cujus
263 2370 426 2407 fructibus
452 2381 626 2407 teneretur
651 2372 748 2407 boras
775 2370 955 2406 canonicas
980 2368 1138 2405 omnibus
1169 2368 1288 2402 diebus
1316 2365 1407 2401 festis
1422 2378 1481 2401 re·-

58 2414 164 2450 citare
186 2443 196 2456 ‚
226 2420 257 2453 &
282 2427 332 2453 tot
354 2419 448 2454 sacra
469 2431 592 2454 canere
620 2446 630 2459 ,
654 2427 740 2466 quot
766 2417 948 2464 Episcopus
977 2414 1176 2451 Narnienfis
1199 2415 1317 2448 habita
1345 2413 1480 2449 ratione

59 2463 252 2499 reddituum
277 2464 358 2501 esset
382 2466 608 2508 judicaturus.
633 2468 847 2508 Ann01729.
869 2473 1047 2509 antequam
1063 2463 1209 2498 Rosatus
1237 2459 1396 2508 possessor
1410 2460 1480 2494 Βο-

57 2519 177 2545 norum
203 2511 372 2548 Marrubii
402 2513 608 2552 decederet,
628 2514 793 2549 translata
817 2511 883 2546 fuit
904 2511 1091 2557 collegiata
1115 2508 1242 2544 Carbii
1271 2509 1312 2542 ab
1329 2506 1481 2561 Ecclefia

56 2556 274 2596 Sanctissimae
300 2559 549 2605 Conceptionis
578 2561 617 2595 ad
641 2562 792 2594 eamdem
808 2558 991 2594 Ecclesiam
1014 2557 1166 2592 Matrem
1189 2556 1223 2592 S.
1244 2557 1365 2591 Manae
1387 2554 1479 2597 eius-

57 2601 132 2637 dem
155 2606 288 2652 Oppidi
310 2631 322 2642 .
349 2608 532 2653 Episcopus
554 2617 667 2643 autem
687 2609 748 2641 hac
778 2606 949 2641 occasione
970 2603 1188 2651 prospectum
1215 2603 1295 2638 satis
1311 2629 1320 2641 ‚
1343 2602 1478 2653 consul-

56 2657 195 2695 tumque
218 2654 337 2689 videns
364 2654 536 2690 voluntati
549 2654 741 2692 Marrubii,
766 2661 838 2687 tum
860 2652 991 2688 divinis
1005 2650 1140 2686 Officiis
1156 2679 1167 2689 .
1197 2659 1273 2686 tutn
1299 2650 1400 2686 sacris
1421 2649 1477 2684 so-

55 2695 225 2734 lemnibus
239 2726 249 2739 ‚
271 2712 344 2746 quae
369 2702 551 2748 collegiata
574 2704 608 2737 in
627 2701 746 2737 eadem
759 2698 904 2736 Ecclesia
920 2700 1038 2735 Matre
1061 2699 1191 2745 agenda
1209 2707 1304 2734 erant
1320 2723 1331 2738 ,
1359 2697 1475 2732 voluit

63 2751 101 2779 ut
124 2745 197 2790 post
218 2748 348 2785 obitum
360 2749 480 2786 Ros-att
503 2749 681 2788 haereditas
698 2746 863 2787 Marrubii
879 2759 946 2787 una
968 2758 1048 2785 cuin
1063 2748 1141 2782 aliis
1155 2745 1336 2783 Beneficiis
1348 2741 1476 2824 smigli·

1376 2802 1409 2827 ct
1436 2802 1474 2827 us
