1901 2970
84 86 126 111 na
144 100 152 112 .
179 84 216 108 ac
231 70 384 116 longaeva
398 71 607 107 consuetudo
622 72 780 109 haetenus
794 74 922 109 servata
938 83 1014 108 cum
1034 72 1245 111 sacramentis
1256 73 1408 120 praestitis
1423 77 1465 112 ab
1479 44 1564 125 Epi?

86 120 193 203 geopis
212 117 304 198 ⁸?OE
322 118 474 154 Ecclesix
500 119 550 155 illi
573 119 797 167 prafucruntt
823 121 994 157 Omnibus
1007 121 1118 169 itaque
1140 120 1333 169 peffpestis,
1358 123 1558 171 responden-

232 177 239 198 l
280 189 288 198 ι

41 224 99 253 ..dn
110 177 385 267 Ziiozccipfimum
411 213 558 250 Dubium
575 215 620 258 sit
641 214 794 257 standum
813 242 824 256 ,
850 217 911 253 vel
929 214 1147 255 recedendum
1168 230 1188 252 a
1203 216 1316 262 decisis
1333 219 1400 268 sub
1424 218 1478 259 die
1500 230 1555 266 19.

87 260 284 300 Decembrts
307 269 407 306 1739.
426 265 462 297 in
475 263 549 306 casu
563 272 638 300 (φτ.

213 365 404 420 Dilata
425 370 491 421 ad
510 373 743 438 primam
765 372 885 440 post
904 375 1126 426 Cineres
1143 409 1158 427 .

148 501 422 538 VENIONEN.
448 501 838 539 RESTlTUTlONIS
864 503 918 539 ΙΝ
944 502 1238 542 1NTEGRUM:
1269 504 1454 542 Historiam
1470 506 1555 543 Pro·
1587 515 1818 560 53fl‚25,e‚19,

35 508 125 593 A
151 549 299 585 fellionis
314 547 433 584 emisse
452 550 492 583 ab
506 551 606 584 Anna
623 550 733 585 Maria
748 549 880 595 Faaque
896 551 928 586 in
944 552 1154 588 Monasterio
1165 555 1196 588 S.
1216 552 1395 600 Augustini
1410 553 1555 591 Civita-
1584 563 1625 600 de
1634 556 1713 610 Res:

82 605 126 638 tis
143 596 392 632 Avenionensis
417 595 529 644 legent
554 596 808 632 Eminentissimi
824 599 941 635 Patres
968 611 1035 634 non
1053 599 1118 634 sine
1135 626 1145 639 ,
1176 609 1211 635 ut
1227 601 1418 641 credimus,
1445 602 1554 636 animi

84 651 226 684 h'orrore
248 644 284 678 in
302 643 423 679 libello
447 644 492 680 ab
505 656 542 679 ea
556 644 633 679 dato
645 658 654 676 ε
679 645 712 678 Si
726 646 798 690 quis
812 646 918 681 vellet
930 647 1094 691 integram
1112 646 1207 682 illam
1232 646 1355 682 referre
1368 673 1378 687 ‚
1399 649 1553 685 Folium,

82 697 116 732 in
136 693 296 728 vclumen
311 691 544 726 excresceret.
571 691 741 726 Dabimus
766 692 877 739 itaque
891 693 1180 739 summaquzedam
1198 694 1291 730 illius
1311 693 1426 740 capita
1441 720 1450 730 .
1476 695 1553 731 Or-

82 754 156 778 tum
171 738 292 773 habuit
314 740 415 773 Anna
432 738 542 773 Maria
557 749 645 773 anno
663 748 761 784 1720.
786 751 829 775 ex
843 741 1016 781 joachimo
1031 742 1165 787 Fauque
1182 768 1191 781 ‚
1218 742 1249 777 &
1268 741 1398 782 Joanna
1425 743 1466 778 de
1486 742 1550 776 Fa-

80 792 164 837 yard
183 786 398 830 Coniugibus
409 812 419 825 ,
444 785 475 820 ἃ
490 798 508 821 a
521 785 645 821 teneris
667 788 760 822 annis
773 789 911 822 educata
927 787 994 822 suit
1010 788 1100 823 intra
1114 787 1202 834 septa
1216 788 1365 835 plurium
1377 787 1552 824 Monaste-

80 845 211 872 norum
227 859 234 868 .
266 833 336 867 Vix
360 831 517 868 trilustris
530 844 617 868 anno
632 844 730 880 1735.
743 845 861 881 graves
874 833 961 881 passa
977 834 1042 870 fuit
1055 835 1160 871 minas
1172 848 1190 870 a
1203 837 1329 878 Joanna
1346 835 1457 871 Matre
1473 835 1548 875 ,cui

80 887 126 920 ob
139 880 207 919 viri
238 879 442 915 dementiam
455 880 567 914 datum
583 879 692 915 fuerat
706 882 858 927 regimen
877 908 886 922 ‚
911 883 941 917 &
954 881 1198 917 administratio
1208 885 1321 917 domus
1334 908 1342 921 ‚
1367 894 1405 918 ea
1434 891 1548 921 mente

73 933 268 974 animoque,
282 937 319 962 ut
333 938 454 962 nomen
467 926 787 968 daretMonasterio,
803 940 820 963 a
838 940 904 976 qua
919 939 958 965 re
970 928 1118 965 maxime
1131 930 1244 965 aversa
1257 929 1548 966 eratAnnaMaria

75 977 246 1014 Maternis
268 976 400 1010 tandem
418 974 595 1016 violentiis
609 1001 619 1014 ,
641 976 676 1011 8<
693 976 792 1010 minis
810 978 964 1022 perduCta
977 978 1164 1019 declaravi]
1180 978 1269 1012 velle
1285 979 1399 1012 Sacras
1425 976 1547 1014 Vestes

75 1024 239 1070 suscipere
257 1035 266 1055 ε
290 1021 332 1057 iis
349 1021 506 1067 susceptis
524 1021 767 1068 frequentiores
782 1022 920 1058 fuerunt
935 1025 965 1059 &
983 1024 1082 1058 min-te
1096 1050 1107 1063 ,
1130 1025 1165 1058 ἃ
1179 1035 1268 1060 artes
1284 1023 1412 1059 Matris
1432 1050 1441 1064 ,
1475 1024 1546 1059 ita-

75 1083 134 1108 aut
150 1074 250 1108 Anna
274 1068 476 1116 :egritudine
489 1096 498 1109 ‚
523 1071 553 1104 &
571 1069 709 1104 tristitia
723 1069 870 1106 confecta
883 1070 916 1104 in
931 1073 1082 1105 morbum
1102 1071 1265 1107 incideret
1281 1099 1289 1111 ,
1315 1080 1378 1116 qua
1394 1070 1543 1106 occasio.

72 1131 116 1158 ne
128 1118 265 1158 evenit,
293 1126 329 1150 ut
344 1124 475 1156 mater,
499 1128 569 1162 quae
597 1115 703 1162 specie
731 1116 835 1152 filiam
861 1116 989 1152 visendi
1005 1117 1246 1153 Monasteriom
1276 1115 1419 1163 ingress'a.
1444 1127 1543 1158 erat,

71 1177 150 1202 cum
173 1164 246 1200 filia
269 1164 508 1210 objurgaretur
524 1175 596 1198 eam
621 1162 752 1199 causam
769 1163 831 1200 ess'e
849 1164 913 1200 sua:
926 1165 1041 1199 mortis
1056 1191 1065 1204 ,
1090 1164 1280 1211 responsum
1293 1165 1387 1200 daret
1411 1183 1452 1190 --
1486 1171 1543 1201 Se·

68 1214 233 1262 pellieris
248 1229 282 1236 --
307 1211 448 1256 receptis
461 1210 589 1246 viribus
603 1210 806 1259 expulsoque
821 1212 943 1246 morbo
966 1238 975 1250 ,
1001 1212 1258 1257 repugnantiam
1288 1237 1298 1251 ‚
1335 1223 1436 1256 quam
1459 1212 1543 1250 vitae

72 1258 270 1295 monastice
285 1257 431 1294 habebat
445 1284 455 1300 ,
477 1258 602 1302 semper
613 1257 757 1294 ostendit
775 1283 786 1298 ‚
810 1260 839 1294 &
858 1270 899 1293 ne
918 1258 999 1305 quid
1021 1261 1180 1294 intactum
1208 1260 1418 1304 relinqueret
1438 1285 1448 1298 ‚
1473 1257 1543 1294 fin-

72 1308 125 1342 xit
150 1304 338 1348 sejansenii
364 1304 536 1339 erroribus
564 1305 797 1350 inquinatam,
822 1315 890 1340 uta
906 1305 1337 1341 Monialibusrciceretur.
1361 1306 1543 1343 lmellexit

71 1354 186 1390 Mater
202 1353 279 1388 filii:
295 1362 380 1386 artes
395 1378 404 1391 ,
430 1353 459 1385 <St
475 1350 650 1398 epistolam
665 1352 787 1398 icripfit
800 1378 811 1394 ,
836 1364 854 1387 e
870 1365 933 1399 qua
949 1352 1075 1398 liquido
1091 1363 1179 1398 patet
1206 1354 1256 1389 vis
1272 1379 1280 1391 ‚
1305 1363 1373 1397 qua
1403 1364 1476 1388 eam
1501 1355 1542 1389 ad

70 1399 296 1448 profitendum
316 1399 508 1444 impellebat
521 1424 530 1438 ‚
555 1399 587 1434 &
600 1410 734 1434 omnem
747 1398 839 1435 fimul
853 1399 960 1434 movit
978 1400 1118 1444 lapidem
1132 1427 1140 1440 ‚
1165 1410 1202 1435 ut
1216 1412 1233 1434 a
1250 1398 1465 1435 Monialibus
1481 1401 1542 1435 ad-

69 1449 287 1484 mitteretur:
313 1446 421 1491 respui
444 1447 583 1480 volebat
596 1446 667 1480 filia
680 1473 690 1486 ,
702 1447 811 1494 recipi
824 1459 896 1482 eam
913 1446 1052 1481 volebat
1067 1446 1182 1481 Mirer
1195 1473 1204 1486 ,
1227 1448 1257 1481 ὅ(
1270 1446 1319 1480 ob
1330 1445 1367 1480 id
1382 1447 1536 1482 obtinuit

68 1497 110 1530 ab
130 1494 397 1542 Archiepiscopo
410 1502 490 1528 tunc
505 1493 665 1536 temporis
680 1493 956 1533 Avenionenst,ut
972 1494 1045 1534 eius
1059 1493 1221 1529 Vicarius
1234 1492 1458 1532 Generalis‚&
1468 1493 1541 1528 Ta-

66 1540 420 1577 bellioMonastenum
438 1540 737 1586 ›ngr-ederentur&
759 1541 913 1575 inusitato
928 1552 1016 1575 more
1032 1551 1068 1575 ac
1082 1539 1540 1586 tempore,violatisqueMo-

64 1587 551 1631 nasterijConstitutionibus,
582 1588 781 1633 Capitulum
802 1588 1006 1622 Moniulium
1028 1599 1142 1622 coram
1171 1588 1210 1623 iis
1233 1596 1499 1632 congregaretur
1528 1613 1539 1622 .

66 1637 155 1685 Q.e
180 1635 216 1669 in
242 1647 284 1669 eo
300 1634 387 1680 gesta
410 1633 556 1673 fuerint,
581 1646 652 1679 quie
675 1635 780 1670 fuerit
800 1645 909 1671 rerum
926 1634 1098 1677 confusio,
1121 1635 1255 1669 audient
1285 1633 1538 1671 Eminentiffimi

65 1684 184 1720 Patres
210 1694 251 1717 ex
273 1681 420 1726 Epistola
439 1680 719 1728 Archiepiscopi,
746 1682 804 1728 qui
830 1693 916 1716 nunc
932 1681 1083 1717 Ecclefiae
1111 1681 1165 1716 illi
1182 1680 1317 1725 psaeest.
1348 1679 1538 1717 Admissa„

69 1730 137 1766 fuit
165 1733 264 1765 Anna
291 1740 382 1768 uno,
412 1729 466 1763 sed
496 1729 633 1766 inutili,
667 1728 840 1774 superante
855 1727 1033 1776 suffragio.
1059 1728 1158 1764 Facta
1172 1728 1296 1764 puelle
1322 1727 1537 1769 constantia,

66 1790 143 1813 cum
160 1790 178 1813 a
198 1777 311 1812 Matre
331 1785 516 1815 metueret,
540 1774 777 1811 professionem
797 1775 905 1810 emisit
919 1802 928 1816 ‚
954 1774 1115 1822 praemiss'a
1133 1785 1243 1810 metus
1259 1774 1349 1809 illati
1372 1773 1539 1820 protesta-

65 1824 159 1860 tione
184 1835 300 1860 coram
313 1822 521 1858 confessario
539 1838 550 1866 3
574 1821 783 1858 Profeflionis
801 1824 903 1857 verba
923 1835 1059 1859 maerens
1078 1848 1088 1862 ,
1111 1823 1250 1869 iungens
1273 1847 1282 1860 ,
1297 1830 1353 1855 aut
1369 1832 1435 1855 non
1451 1832 1539 1868 pro*-

64 1872 148 1907 tulit
165 1898 174 1911 ,
202 1880 260 1906 aut
283 1882 320 1905 ea
335 1881 402 1906 non
434 1870 603 1905 intellexit
632 1869 785 1904 Praefeeu
811 1869 1020 1911 Monastrio,
1043 1882 1115 1916 quae
1143 1869 1239 1905 lateri
1266 1868 1338 1909 eius
1362 1867 1511 1903 adstabat
1526 1892 1539 1905 .

63 1918 265 1954 Prol'ellione
293 1918 379 1952 hane
406 1916 543 1956 emissa,
562 1916 670 1952 talem
694 1916 726 1952 se
753 1916 905 1962 praestitit
922 1944 932 1957 ,
957 1918 1092 1964 qualem
1118 1914 1303 1952 noluiffent
1325 1914 1498 1952 Moniales
1525 1929 1538 1955 3

63 1965 261 2008 jansenius,
286 1966 317 1999 8<
335 1963 473 2000 Parisios
497 1965 532 1999 in
561 1976 619 1999 ore
643 1973 762 1999 erant:
789 1963 928 2010 singulis
950 1964 1047 2000 annis
1070 1963 1191 2010 quibus
1216 1990 1227 2004 ,
1255 1972 1293 1998 ut
1316 1962 1436 1998 mortis
1462 1962 1537 2004 est,

65 2014 101 2048 in
116 2024 155 2047 eo
168 2011 378 2047 Monasterio
391 2039 401 2052 ,
426 2021 510 2047 vota
541 2021 750 2047 renovantur
763 2037 772 2051 ‚
796 2011 1068 2056 protestationem
1090 2009 1270 2046 renovavit
1284 2010 1458 2045 nullitatis
1474 2010 1539 2046 suae

63 2059 278 2096 Profe-ilionis
293 2085 300 2093 .
323 2058 441 2094 Edoeta
455 2058 524 2102 post
547 2059 814 2105 quinquennium
828 2058 871 2092 ab
885 2057 1000 2094 emissa
1015 2057 1218 2095 Profeffione
1237 2084 1247 2099 ,
1274 2057 1314 2092 de
1339 2056 1539 2095 nullitate,

63 2107 208 2152 amplius
223 2107 288 2140 dici
310 2117 378 2139 non
407 2105 516 2151 posse,
540 2107 664 2151 quinto
687 2117 775 2140 anno
798 2106 933 2140 labente
956 2105 1130 2153 publicam
1153 2116 1267 2141 coram
1291 2101 1473 2143 Testitum,
1503 2105 1537 2140 δι

63 2155 99 2188 T
103 2153 277 2189 abellione
297 2153 577 2198 protestationem
603 2152 709 2187 emisit
723 2179 732 2192 ‚
758 2164 799 2187 ne
828 2162 960 2199 tempus
975 2152 1214 2188 detrimentum
1234 2149 1375 2188 inferret
1388 2176 1399 2190 ‚
1422 2163 1535 2187 cum-³

60 2201 147 2246 iusto
173 2199 418 2245 impedimento
441 2202 652 2235 detineretur
676 2226 687 2239 ,
710 2211 752 2234 ne
779 2199 932 2234 adversus
948 2198 1178 2246 profeflionem
1199 2199 1358 2235 diceret.
1385 2197 1534 2233 Audivit

60 2250 198 2285 tandem
214 2249 361 2284 Matrem
375 2273 386 2286 ‚
413 2258 486 2293 quae
502 2247 631 2282 Parisiis
646 2246 841 2281 morabatur
855 2271 865 2285 ,
891 2246 1066 2282 insanabili
1085 2247 1201 2282 morbo
1214 2253 1400 2292 correptam
1414 2271 1425 2285 ,
1436 2256 1535 2280 eura·

58 2295 176 2343 vitque
191 2323 201 2335 ,
225 2304 263 2330 ut
277 2295 542 2330 declarationem
556 2294 728 2328 emitteret
743 2294 1010 2334 violentiarum,
1034 2295 1064 2329 &
1080 2302 1188 2331 metus
1201 2291 1290 2328 illati
1304 2318 1315 2332 ‚
1341 2291 1400 2327 sed
1420 2291 1534 2327 duum

61 2343 257 2390 Religiosus
274 2369 284 2384 ‚
308 2343 367 2378 cui
382 2342 454 2378 haec
475 2342 551 2377 data
566 2341 676 2375 fuerat
689 2340 872 2375 Provincia
886 2367 897 2381 ,
918 2342 1092 2376 cunctatur
1108 2368 1118 2381 ‚
1141 2340 1289 2376 moritur
1305 2339 1425 2374 Mater
1439 2364 1447 2372 .
1460 2339 1529 2373 So-

63 2390 135 2426 luta
152 2391 259 2438 igitur
272 2398 366 2425 metu
392 2390 492 2423 Soror
508 2400 525 2421 a
547 2390 580 2424 S.
594 2386 750 2422 Xaverio
763 2412 773 2425 ,
798 2388 845 2422 ita
859 2388 950 2423 enim
972 2390 1079 2423 Annae
1106 2399 1225 2423 nomen
1249 2390 1285 2423 in
1300 2383 1506 2421 Monasterio
1520 2411 1531 2425 ,

61 2449 173 2485 preces
199 2437 328 2472 obtulit
344 2461 355 2475 ,
377 2435 498 2484 quibus
522 2436 664 2481 petebat
699 2434 733 2469 in
752 2435 918 2480 integrum
934 2434 1065 2470 restitui
1088 2459 1098 2470 .
1124 2433 1286 2470 Mandata
1306 2432 1372 2468 fuit
1398 2433 1441 2466 ab
1466 2433 1529 2467 hoc

61 2486 167 2520 Sacro
184 2484 370 2519 Tribunali
396 2483 586 2525 Jurisdicno
600 2481 870 2529 Archiepiscopo
883 2481 1139 2520 Avenionenss‚
1165 2490 1207 2516 ut
1231 2478 1403 2515 Process'us
1429 2478 1529 2513 fieret

60 2531 233 2576 iudicialis
246 2558 257 2571 ‚
283 2530 457 2576 animique
479 2530 528 2565 sui
546 2529 745 2566 sententiam
759 2529 931 2575 aperiret.
955 2528 1114 2564 Examini
1126 2527 1260 2569 subjeffl
1281 2526 1355 2562 sunt
1366 2527 1443 2561 οᾶο
1456 2524 1530 2561 Te-

61 2579 149 2617 stes,
171 2577 327 2613 Praefeeta
353 2576 563 2616 Monastrio,
590 2576 782 2614 Moniales,
808 2576 876 2621 ipsa
906 2577 1004 2611 Soror
1030 2587 1049 2610 a
1070 2577 1103 2610 S.
1132 2574 1288 2609 Xaverio
1312 2601 1322 2614 ,
1354 2572 1525 2609 Moniales

60 2625 312 2670 Capitulariter
327 2625 540 2661 declararunt
560 2623 651 2659 nolle
673 2622 856 2660 obfistere3
884 2622 1096 2657 Obstiterunt
1113 2622 1252 2657 Sorores
1277 2620 1414 2667 Fauque
1444 2631 1528 2654 natu

58 2682 207 2713 minores
222 2671 316 2709 causa
327 2674 492 2710 bonorum
505 2697 518 2713 ,
541 2672 572 2708 ὅ(
593 2669 796 2706 successionis
813 2693 824 2706 .
848 2669 1021 2717 Superatis
1047 2670 1180 2706 tandem
1195 2667 1289 2705 tricis
1301 2667 1459 2749 ⁰³¹¹?ng
1476 2666 1529 2701 in-

746 2723 749 2724 ’
791 2723 795 2726 ’
929 2743 934 2745 >
1365 2724 1396 2757 ie
1432 2724 1484 2753 is,
