1883 2907
334 139 463 211 V,7Rn
474 199 483 212 ‚
505 174 536 206 δι
550 170 719 216 quomodo
731 179 912 207 teneantur
927 171 1082 217 praestare
1095 169 1275 205 servitium
1286 165 1386 218 chori⁴
1397 165 1429 202 in
1442 168 1517 205 casu
1529 169 1597 207 fite.
1662 217 1668 222 ἱ

337 221 397 257 Vl.
422 221 481 256 An
507 218 609 255 iidem
629 218 892 254 Hebdomadarii
915 227 1093 254 teneantur
1114 218 1148 252 in
1164 217 1231 252 suis
1245 215 1431 265 respective
1448 215 1685 267 Hebdomadis
1709 230 1775 256 non

470 264 578 300 solum
594 263 730 300 Missam
743 265 1019 301 Conventualem
1033 276 1153 300 canere
1167 290 1178 305 ,
1192 263 1248 300 sed
1261 264 1365 300 etiam
1387 273 1422 295 in
1436 261 1561 299 Officio
1573 265 1775 302 Hebdoma-

468 312 638 348 dariorum
652 311 788 347 assistere
799 313 955 348 omnibus
974 312 1082 348 Horis
1095 311 1284 347 Canonicis
1303 310 1401 354 usque
1423 308 1467 347 ad
1480 310 1776 355 completorium-1

469 353 653 398 inclusive,
674 361 836 405 nossuque
859 359 1044 404 respective
1074 358 1280 395 Nativitatis
1304 355 1444 392 Domini
1465 382 1474 398 ,
1497 368 1628 408 necnon
1652 359 1768 411 diebus

467 406 697 442 Hebdomada:
706 406 841 445 majoris
858 403 1036 440 Lectiones
1050 410 1171 440 canere
1185 431 1194 444 ,
1216 406 1353 451 aliaque,
1361 414 1519 450 peragere
1538 416 1573 439 in
1593 403 1772 444 servitium

471 451 578 487 Chori
590 479 600 493 ,
617 465 690 499 quo:
702 463 720 486 a
732 452 897 498 Magistro
919 451 1203 489 coeremoniarum
1222 450 1505 500 praescribuntur.²
1539 457 1583 489 (φ
1607 461 1776 500 quatenus

469 513 487 532 a
522 509 672 535 rmum-ve
689 526 696 534 .

332 545 414 584 VII.
442 500 519 581 Arlfi
513 546 625 580 omnia
633 543 799 592 praemiss'a
811 547 939 592 expleri
952 547 1060 582 etiam
1071 548 1213 584 debeant
1227 559 1287 594 per
1301 556 1440 584 turnum
1455 559 1474 583 a
1487 545 1710 594 dignitatibus
1726 574 1736 588 ,
1749 548 1782 583 δι

469 593 654 628 Canonicis
669 592 901 630 Praebendatis
915 621 925 634 ,
949 607 989 632 ac
1003 596 1265 641 Expectantibus
1279 595 1317 634 in
1327 595 1405 632 casu
1414 597 1478 632 διε.
1620 641 1627 646 -

331 639 431 676 vul.
457 640 514 673 An
525 665 533 676 ‚
543 639 575 676 &
590 639 624 674 in
634 651 698 685 quo
710 652 849 676 numero
861 640 998 678 affistere
1013 652 1194 680 teneantur
1207 655 1285 680 cum
1296 642 1505 688 pluvialibus
1519 640 1786 684 Archidiacono,

472 686 502 721 δι
518 685 725 723 Primiceriis
743 687 906 733 Vesperas
924 716 932 728 ,
960 691 990 725 ὅτ
1012 689 1140 727 Laudes
1153 690 1404 730 celebrantibus
1418 716 1427 731 ,
1455 691 1487 726 ἃ
1501 687 1682 737 respefflve
1698 689 1784 725 Offi-

471 733 563 767 cium
578 733 728 770 Diaconi
741 761 750 774 ,
778 736 809 769 &
826 736 1029 773 Subdiaconi
1044 736 1155 774 facere
1167 765 1177 779 ‚
1203 749 1268 774 una
1283 764 1293 779 ‚
1319 739 1372 773 vel
1387 737 1496 775 altera
1512 748 1556 775 ex
1567 734 1663 773 dietis
1677 737 1785 772 tribus

474 780 714 825 Dignitatibus
727 779 842 818 Missas
858 782 1073 819 celebrante-²
1101 790 1144 822 (9-
1182 795 1325 821 uatcnus
1344 785 1549 829 affirmative
1565 808 1574 818 .

333 826 402 864 IX.
429 827 489 863 An
503 830 542 861 ad
554 829 704 867 eamdem
718 828 933 866 assistentiam
947 841 1126 867 teneantur
1153 798 1319 870 ganonici
1346 830 1557 868 Praebendati
1574 857 1585 874 ,
1614 832 1648 867 &
1670 829 1784 876 respe-

470 875 561 910 clive
575 874 793 922 Expectantes
806 877 839 913 in
856 876 932 913 casu
948 880 1012 915 &c.

331 919 379 956 Χ.
406 921 465 956 Αη
480 948 490 962 ,
513 922 545 959 8(
561 922 597 958 in
611 925 730 968 quibus
744 924 972 961 functionibus
989 952 998 965 ‚
1018 927 1096 960 dum
1108 926 1278 962 celebrant
1290 925 1463 962 Canonici
1479 925 1682 962 Praebendati
1698 949 1709 964 .
1722 934 1781 960 te-

468 979 614 1004 neantur
627 970 799 1007 Canonici
822 971 1087 1009 Hebdomadarii
1114 974 1269 1020 supplere
1289 973 1379 1009 vices
1399 974 1652 1009 canonicorum
1672 971 1782 1018 Expe-

469 1016 630 1051 ctantium
647 1044 655 1058 ,
675 1018 732 1064 qui
747 1018 822 1054 sunt
836 1019 988 1057 absentes
1001 1047 1011 1060 ‚
1037 1021 1068 1054 δι
1084 1020 1161 1056 loco
1177 1033 1295 1056 eorum
1308 1019 1499 1057 assisterem
1513 1021 1589 1058 casu
1608 1022 1674 1056 διε.

331 1060 399 1099 XI.
420 1063 477 1098 An
493 1062 592 1099 iidem
607 1065 777 1100 Canonici
792 1066 1052 1103 Hebdomadarii
1072 1076 1253 1104 teneantur
1265 1067 1369 1103 etiam
1383 1078 1447 1102 non
1463 1068 1604 1107 invitati
1622 1066 1780 1104 interesse

471 1110 735 1154 processionibus
746 1121 814 1150 tam
825 1114 1006 1153 ordinariis
1016 1141 1026 1154 ‚
1051 1127 1151 1162 qnam
1164 1114 1439 1152 extraordinariis
1470 1114 1623 1153 Ecclefiae
1647 1115 1776 1150 Cathe-

471 1157 600 1195 draus?
626 1164 669 1197 <92
682 1169 849 1207 quatenus
863 1162 1066 1206 affirmatiw
1078 1187 1088 1198 .
1502 1203 1505 1205 ,

334 1202 418 1242 XII.
446 1204 502 1238 An
515 1228 524 1242 ‚
544 1206 573 1239 δι
586 1217 603 1240 a
613 1218 679 1252 quo
692 1207 793 1242 indici
808 1210 945 1244 valeant
957 1210 1185 1256 processiones
1198 1210 1471 1247 extraordinariae
1482 1210 1517 1245 in
1531 1209 1606 1246 casu
1621 1211 1686 1246 &c-

332 1249 437 1288 xiil.
461 1253 518 1285 An
536 1251 641 1286 iidem
655 1253 825 1289 Canonici
842 1257 1104 1294 Hebdomadarii
1119 1257 1322 1308 participare
1334 1259 1527 1294 debeantde
1543 1254 1781 1293 emolumentis

470 1299 520 1334 dd.
540 1301 783 1344 proceffionum
799 1328 809 1342 ,
839 1303 871 1338 &
886 1304 1021 1350 quando
1037 1305 1069 1341 in
1081 1305 1157 1340 casu
1170 1306 1234 1341 &c.
1462 1330 1464 1333 -

329 1343 433 1380 XIV.
459 1345 517 1380 An
533 1345 801 1385 Hebdomadarii
815 1348 850 1383 in
868 1352 1065 1397 peragendis
1094 1352 1265 1388 funeribus
1290 1362 1471 1396 teneantur
1495 1364 1564 1388 non
1583 1350 1691 1387 solum
1715 1350 1779 1385 dc-

470 1391 655 1428 functorum
667 1396 831 1433 cadavera
844 1396 1006 1435 associare
1021 1400 1061 1434 ad
1076 1398 1253 1437 Ecclesiam
1265 1426 1275 1441 ‚
1302 1411 1418 1438 verum
1451 1399 1554 1435 etiam
1578 1410 1646 1434 una
1671 1408 1783 1434 cum-2

470 1439 710 1486 Dignitatibus
725 1470 733 1482 ,
743 1445 774 1478 &
789 1443 973 1484 Canonicis
990 1445 1216 1481 Praebendatis
1231 1472 1240 1486 ,
1257 1446 1620 1495 ac.supranumerariis
1632 1445 1779 1492 ipsorum

471 1486 629 1534 Exequiis
643 1490 783 1526 aflistere
797 1490 810 1527 ‚²
834 1497 877 1532 (y-
891 1503 1058 1539 quatenus
1076 1494 1279 1539 affirmative
1291 1519 1301 1531 .

330 1532 414 1570 XV.
441 1534 499 1569 An
513 1559 523 1572 ‚
547 1536 577 1569 8<
589 1534 632 1572 de
645 1538 767 1583 quibus
783 1538 1026 1576 emolumentis
1039 1540 1246 1587 participare
1258 1541 1406 1578 debeant
1422 1543 1457 1578 in
1469 1539 1545 1577 casu
1560 1542 1626 1577 &c.
1710 1579 1714 1583 ,

330 1578 435 1617 XVI.
463 1586 520 1615 An
537 1584 679 1633 prgdic'ti
695 1585 1283 1626 Hebdomadariiteneantur‚omnes
1302 1585 1694 1626 Miffas'Conventuales
1719 1595 1782 1619 ca-

471 1636 548 1662 nere
562 1656 570 1668 ‚
595 1631 729 1678 quando
742 1644 783 1667 ex
797 1632 991 1678 praescripto
1005 1634 1234 1670 Rubricatum
1248 1647 1318 1671 non
1333 1649 1398 1673 una
1414 1663 1423 1676 ,
1447 1636 1499 1670 sed
1516 1635 1587 1671 duae
1601 1661 1610 1673 ‚
1637 1633 1693 1669 vel
1709 1640 1779 1668 tres

470 1685 566 1710 erunt
581 1681 736 1713 canenda:
747 1706 757 1719 ,
783 1679 848 1715 five
860 1681 972 1722 potius
985 1682 1024 1716 ad
1036 1694 1136 1717 unam
1150 1691 1282 1719 tantum
1296 1694 1471 1720 tencantur
1487 1683 1522 1719 in
1534 1680 1611 1718 casu
1627 1682 1692 1716 διε.
1730 1725 1737 1730 .

332 1718 456 1757 XVII.
483 1721 539 1757 An
553 1726 590 1758 ad
603 1726 714 1761 omnia
726 1727 874 1770 praedicta
889 1727 1025 1764 servitia
1037 1729 1142 1765 Chori
1157 1739 1335 1765 teneantur
1349 1743 1409 1778 per
1420 1732 1450 1768 se
1463 1728 1548 1779 ipsos
1561 1755 1572 1772 ‚
1589 1727 1649 1764 vel
1668 1733 1781 1775 potius

471 1769 584 1805 eadem
595 1770 751 1818 supplere
767 1774 886 1817 poflint
899 1785 958 1819 per
968 1775 1160 1811 substitutos
1175 1776 1209 1810 in
1223 1777 1300 1812 casu
1312 1779 1374 1813 διε.

332 1813 471 1851 XVIII.
496 1816 554 1866 An
570 1818 670 1852 iidem
684 1820 947 1856 Hebdomadarii
961 1822 1093 1856 infimul
1109 1824 1254 1858 retinere
1267 1825 1399 1870 possint
1426 1825 1657 1870 quodcumque
1675 1818 1781 1856 Bene·

471 1859 584 1899 ficium
599 1890 608 1905 ,
632 1867 686 1900 vel
701 1866 861 1902 Officium
879 1868 993 1903 tamin
1006 1868 1164 1903 Civitate
1181 1896 1191 1909 ,
1211 1883 1314 1915 quam
1339 1873 1373 1906 in
1400 1870 1550 1907 Dioecess
1563 1895 1574 1908 ,
1590 1869 1682 1916 quod
1694 1876 1779 1918 quq-

472 1910 655 1992 mosdoelkibet
675 1913 840 1964 impediat
852 1942 862 1957 ,
887 1917 943 1951 vel
955 1916 1212 1967 incompatibile
1227 1916 1263 1953 fit
1278 1930 1355 1954 cum
1369 1918 1506 1955 servitio
1523 1916 1607 1953 dicti
1620 1915 1729 1951 Chori
1743 1923 1780 1948 m

472 1967 512 1990 ca
530 1968 550 1992 u
603 1971 633 1996 c.

335 2001 438 2038 XIX·
466 2004 524 2055 An
538 2017 600 2051 pro
610 2007 830 2053 implemento
843 2011 992 2046 omnium
1004 2012 1233 2056 praedictorum
1244 2012 1345 2049 iidem
1362 2011 1529 2049 canonici
1549 2006 1782 2059 Hebdomada-

467 2053 510 2087 ω
526 2061 701 2088 teneantur
717 2055 777 2090 fibi
792 2056 868 2102 ipfis
883 2057 1079 2092 constituere
1097 2056 1241 2095 Maffam
1257 2059 1526 2096 distributionum
1543 2084 1553 2098 ,
1577 2059 1608 2093 &
1624 2054 1782 2102 respeffl·

468 2110 510 2132 ve
524 2103 797 2144 punoaturarum
809 2129 819 2143 ,
840 2104 907 2139 five
922 2105 1031 2149 potius
1044 2103 1300 2141 distributiones
1318 2106 1677 2142 Hebdomadariorum
1693 2111 1785 2138 con—

470 2143 646 2225 stitt‘liendae
660 2146 722 2184 {int
736 2161 779 2185 ex
794 2150 894 2187 maffa
906 2151 1086 2198 capitulari
1104 2151 1119 2188 ‚²
1144 2157 1187 2189 (ἂν
1216 2163 1383 2200 quatenus
1409 2156 1574 2200 negative
1601 2151 1711 2199 quoad
1727 2149 1783 2194 se·

470 2203 530 2225 ofin
555 2205 748 2241 ampartem
762 2223 772 2233 .

335 2233 592 2319 xthiga&
613 2244 786 2290 ‘¹⁰⁰¹”0d0
810 2245 1056 2293 providendum
1085 2244 1122 2280 fit
1144 2258 1203 2294 pro
1228 2246 1321 2284 dietis
1348 2245 1642 2285 distributionibus
1663 2243 1700 2281 in
1726 2253 1783 2280 ea-

421 2382 481 2418 Ad
501 2385 642 2427 primum
658 2390 819 2434 negative
835 2416 845 2429 ,
871 2394 902 2427 &
925 2393 1066 2439 amplius
1081 2416 1091 2427 .
1117 2392 1175 2428 Ad
1200 2392 1381 2430 secundum
1405 2393 1560 2439 negative
1575 2393 1649 2436 iure
1664 2397 1777 2440 optio-

329 2433 381 2470 nis
393 2457 403 2471 ,
427 2431 456 2465 &
476 2433 621 2478 amplius
637 2459 644 2467 .
669 2436 725 2470 Ad
740 2438 876 2472 tertium
893 2439 924 2474 in
938 2439 1059 2476 decifis
1077 2465 1087 2479 ,
1111 2440 1144 2474 8<
1169 2439 1311 2484 amplius
1325 2465 1334 2475 .
1360 2441 1415 2476 Ad
1431 2447 1588 2486 quartum
1605 2464 1614 2477 2
1629 2439 1661 2473 8(
1677 2446 1784 2488 quin-

327 2489 401 2517 tum
426 2480 534 2514 teneri
560 2490 689 2518 tanturn
710 2485 806 2526 juxta
830 2485 967 2522 solitum
987 2513 998 2527 ,
1026 2487 1058 2522 δι
1079 2485 1225 2531 amplius
1245 2509 1255 2522 ·
1282 2485 1338 2521 Ad
1358 2486 1488 2524 sextum
1514 2512 1523 2527 ³
1548 2487 1580 2520 &
1606 2485 1781 2530 septimum

326 2530 450 2574 iteruin
464 2536 668 2572 proponatur
684 2557 692 2565 .
717 2531 773 2566 Ad
786 2532 937 2568 oilavum
952 2561 962 2573 ,
987 2535 1018 2568 &
1037 2544 1168 2568 nonum
1179 2531 1332 2570 servetur
1346 2532 1480 2570 solitum
1498 2559 1504 2567 .
1532 2530 1590 2568 Ad
1613 2531 1780 2581 decimum

328 2579 509 2618 negative,
535 2575 567 2608 &
593 2576 759 2621 amplius.
793 2580 846 2612 Ad
872 2581 1040 2616 decimum
1068 2582 1175 2624 primo
1200 2579 1402 2615 affirmative
1429 2580 1538 2627 quoad
1560 2577 1784 2616 Processioness

329 2629 461 2660 tanturn
478 2618 640 2656 solemnes
668 2626 869 2666 ordinarias,
896 2628 928 2662 &
954 2626 1240 2664 extraordinarias
1267 2626 1457 2661 indicendas
1481 2627 1525 2661 ab
1547 2625 1711 2677 Episcopo
1740 2631 1785 2656 ex

329 2665 425 2707 causa
437 2666 570 2711 publica
586 2693 595 2706 ‚
620 2669 652 2705 ὅ(
666 2671 805 2718 amplius
821 2700 829 2709 .
862 2674 919 2709 Ad
935 2675 1105 2711 decimum
1127 2674 1273 2709 secundo
1289 2673 1456 2718 provisum
1479 2673 1516 2709 in
1529 2669 1783 2753 undemmoz’urlk
