1874 2961
69 161 175 197 choro
195 153 350 194 interesse
371 167 437 191 non
455 151 581 201 poss'et,
600 150 879 190 distributionum
896 150 1178 199 quotidianarum
1196 154 1403 200 compendio
1425 109 1485 191 εῗιΞ

71 215 159 244 reret
183 234 189 240 .
223 208 338 240 Duras
365 205 422 238 ha>
439 205 528 250 leges
541 209 693 246 accepit,
717 202 774 248 qui
789 203 918 249 primus
940 200 1180 237 canonicatum
1203 200 1303 236 illum
1319 204 1485 241 obtinuit,

72 262 271 295 acceperunt
298 255 326 287 ὁ(
357 254 414 286 alu
444 248 660 290 successores,
681 252 800 295 quibus
825 251 981 285 omnibus
999 275 1009 288 ,
1028 246 1223 295 priusquam
1250 249 1485 286 Sacellanatus

73 300 312 350 possen-:onem
339 299 639 336 nanciscerentur,
663 297 785 332 statuta
810 298 894 335 illa,
919 295 1074 343 legesque
1097 297 1335 338 aperiebantur
1362 310 1379 332 a
1395 299 1487 343 capi-

74 358 150 384 tuto
206 347 320 382 eidem
345 358 457 381 omnes
474 346 638 381 dederunt
662 356 718 380 eas
745 345 832 392 leges
859 344 1041 381 servandi,
1069 342 1164 379 dedit
1190 354 1294 378 etiam
1310 344 1486 379 Henricus

75 396 229 443 ignatius
260 394 377 428 Ouster
397 393 476 439 ‚qui
502 391 687 439 postremus
713 394 950 428 canonicatum
977 392 1073 426 illum
1097 390 1252 426 obtinuit
1273 403 1361 427 anno
1390 401 1489 438 1729.

74 444 128 479 sed
153 445 230 478 inne
263 441 415 486 promissa
442 441 574 475 servare
602 440 769 485 negavit,
790 441 819 474 &
838 440 969 475 adaCtus
984 451 1003 473 a
1021 439 1175 483 capitulo
1199 441 1237 473 ad
1259 439 1397 474 Sacrum
1423 440 1488 475 hoc

74 490 244 526 Tribunal
273 490 456 535 confugit5
480 487 596 523 audito
632 486 739 533 igitur
759 488 897 522 Nuncio
925 486 1154 534 Apostolico,
1177 486 1235 531 qui
1252 486 1411 522 Coloniae
1442 484 1488 520 est

74 549 197 586 quique
223 536 438 571 disertissima
465 535 650 570 secundum
675 546 752 568 eum
781 537 949 580 respondit
972 533 1115 580 Epistola
1137 560 1147 572 ‚
1174 534 1270 569 causa
1294 546 1383 570 nunc
1409 545 1488 569 am-

76 585 235 634 plissimis
259 583 414 619 Patribus
439 581 627 616 definienda
648 583 872 629 proponitur.

30 636 92 672 Ait
116 632 311 668 sacellarius
335 658 343 671 ,
369 630 529 666 cerissimi
552 630 636 671 juris
653 627 717 663 effe
741 642 805 665 non
832 629 923 677 posse
950 629 1140 676 capitulum
1164 627 1306 670 statuta,
1332 629 1487 677 legesque

78 678 293 717 concedere,
317 690 387 725 qux
406 686 521 711 contra
536 676 627 717 juris
646 676 892 722 dispositionem
913 676 973 711 lint
991 710 995 715 ,
1023 675 1151 710 etiamsi
1166 675 1322 724 Epiicopi
1349 677 1486 713 accedat

80 726 275 763 authoritas
297 738 308 764 5
332 725 535 760 canonicum
562 725 620 770 qui
644 725 677 759 in
695 725 877 771 collegium
911 723 1105 759 admittitur
1119 744 1133 763 ‚v
1152 725 1312 760 omnibus
1334 725 1461 768 juribus
1476 751 1486 764 ,

78 787 149 823 qua:
175 772 232 807 alii
249 772 371 806 habent
383 770 575 810 Canonici‚
597 772 647 805 uti
674 772 738 806 srui
763 772 886 806 debere
911 772 982 813 jure
1009 770 1227 807 constitutum
1242 771 1329 811 esse,
1346 774 1488 817 ideoque

85 820 215 858 nullam
231 819 417 854 habendam
440 817 502 852 ess'e
527 819 695 853 rationem
726 819 960 858 decretorum,
984 819 1014 854 &
1037 820 1151 865 legum
1168 844 1178 857 ,
1201 830 1273 863 qux
1304 819 1392 854 fache
1412 819 1484 853 fuc-

78 875 158 907 runt
187 879 205 902 a
221 866 377 910 capitulo
401 870 595 908 annoi638.
613 892 622 905 ‚
648 866 736 912 quod
763 867 980 907 Sacellanus‚
1005 865 1062 911 qui
1083 876 1186 904 vere,
1212 868 1242 900 ὅ(
1272 867 1416 912 propi-ia:
1430 878 1488 901 ca-

80 915 222 952 nonicus
250 912 295 948 est
310 940 319 953 ,
346 922 382 947 ut
401 911 527 947 defectu
552 912 766 948 instrumenti
782 914 1000 949 Fundationis
1026 911 1189 948 monstrat
1213 914 1319 949 Actor
1331 914 1487 961 pluribus

81 960 291 1008 argumentis
306 987 315 999 ,
336 959 622 1006 monumentisque
639 972 679 995 ex
704 962 844 995 archivo
868 960 1014 1004 capituli
1044 960 1192 1005 exceptis
1207 986 1216 999 ,
1242 961 1273 996 δι
1300 961 1488 1008 plurimum

81 1009 259 1056 spectanda
278 1006 512 1042 testificatione
538 1007 704 1042 Officialis
727 1008 871 1050 ejusdem
902 1007 1055 1043 Ecclesiae
1076 1032 1086 1047 ‚
1111 1019 1178 1042 non
1201 1016 1334 1054 poterat
1358 1007 1488 1050 juribus

82 1057 146 1094 iis,
169 1066 242 1101 quie
266 1055 351 1101 apud
373 1054 458 1088 alios
486 1054 673 1089 canonicos
700 1064 795 1090 erant
810 1081 819 1094 ‚
848 1054 972 1101 privari
987 1080 997 1093 ,
1022 1055 1053 1088 δι
1076 1054 1122 1088 ob
1145 1053 1178 1089 id
1201 1066 1322 1094 voces,
1349 1056 1463 1091 locum
1478 1080 1489 1094 ,

81 1105 135 1148 jus
148 1101 286 1142 Turni,
310 1100 487 1146 omnesque
506 1100 589 1137 alios
610 1102 756 1137 honores
780 1101 928 1137 aliorum
939 1100 1191 1137 Canonicorum
1205 1102 1329 1138 habere
1341 1101 1464 1138 debeat
1479 1128 1487 1137 .

83 1150 190 1198 Qiod
206 1174 215 1188 ‚
243 1148 264 1183 si
289 1149 381 1185 secus
401 1148 480 1184 effet
506 1174 515 1187 ,
543 1148 609 1194 ipsa
625 1148 779 1184 Canonia
811 1150 1069 1195 extingueretur
1085 1175 1095 1188 ‚
1120 1160 1194 1195 quae
1210 1149 1296 1184 nihil
1311 1149 1399 1185 aliud
1413 1149 1459 1184 est
1479 1176 1490 1190 ,

84 1210 185 1244 quam
217 1207 250 1231 in
276 1197 414 1234 fratrem
434 1195 591 1231 allecuo,
617 1206 654 1231 ut
670 1196 874 1243 consequens
904 1197 1111 1232 iitalleetum
1131 1197 1266 1233 excludi
1281 1209 1345 1232 non
1365 1195 1488 1243 possea

86 1245 221 1289 loribus
236 1270 246 1283 ‚
274 1256 345 1290 qua:
360 1245 486 1280 habent
508 1243 565 1277 alii
582 1243 716 1278 Fratres
731 1270 741 1282 ,
767 1256 907 1290 quaequc
930 1245 964 1278 in
993 1243 1061 1288 ipsa
1079 1243 1235 1279 Canonia
1253 1239 1490 1291 complect'un-

86 1303 145 1330 tur
159 1319 170 1332 ,
195 1293 226 1326 ὅ(
242 1302 280 1328 ea
306 1290 416 1326 veluti
443 1303 462 1326 a
479 1290 628 1340 quodam
645 1290 737 1326 fonte
756 1293 923 1336 profluunt
941 1318 950 1331 ‚
976 1299 1013 1326 ut
1027 1303 1092 1338 prae
1104 1291 1236 1326 caeteris
1247 1290 1376 1327 disserit
1391 1298 1490 1326 Scar—

82 1342 171 1385 fant.
198 1342 240 1373 ad
256 1345 424 1419 Ceccosaer.
452 1338 576 1375 szculu
593 1345 710 1373 Canon.
734 1339 833 1373 lib-1.
858 1341 1005 1374 anim-td.
1027 1341 1070 1373 ad
1082 1342 1142 1373 tit.
1167 1350 1217 1384 14.
1233 1348 1360 1384 nnm.5.

39 1387 160 1424 Onera
189 1397 322 1432 quoque
362 1385 483 1430 egibus
503 1385 592 1425 illis,
617 1383 810 1432 statutisque
826 1385 1062 1430 capitularibus
1074 1385 1303 1420 Sacellanatui
1319 1387 1396 1420 data
1410 1385 1490 1426 ‚in-

84 1433 176 1479 juria
189 1432 440 1477 superimpolita
458 1432 553 1466 fuiffe
567 1431 738 1466 Henricus
764 1432 960 1470 contendit,
984 1432 1074 1479 quod
1090 1431 1215 1468 sacrum
1240 1444 1299 1479 pro
1312 1433 1436 1478 populo
1450 1444 1493 1468 a-

85 1490 164 1527 gere
187 1477 377 1524 capitulum
398 1487 578 1517 teneatur,
604 1488 640 1513 ut
657 1480 824 1514 transacto
841 1488 990 1525 tempore
1015 1480 1235 1515 observatum
1256 1480 1362 1515 fuerat
1376 1506 1385 1520 ‚
1410 1491 1492 1515 cum

85 1526 225 1572 simplex
241 1526 533 1562 §aeramentorum
552 1524 801 1573 administratio
819 1538 925 1573 penes
940 1527 1158 1562 Sacellanum
1172 1526 1208 1561 fit
1222 1553 1231 1566 ‚
1258 1528 1289 1562 &
1302 1527 1493 1573 capitulum

85 1574 202 1610 omnia
217 1580 319 1619 agat,
344 1583 417 1618 quae
433 1573 473 1607 ad
489 1583 608 1608 curam
621 1574 784 1609 actualem
809 1575 1010 1619 pertinent,
1025 1575 1055 1608 &
1070 1573 1292 1610 obventiones
1306 1574 1494 1613 universas,

85 1622 120 1657 8<
140 1620 361 1655 Decimarum
376 1620 480 1654 etiam
499 1623 736 1664 compendium
750 1621 918 1666 percipiat
932 1647 942 1661 ,
969 1629 1005 1656 ut
1028 1620 1111 1662 iuris
1136 1622 1278 1668 aequitas
1299 1633 1366 1656 non
1378 1621 1494 1668 patia—

87 1677 147 1704 tur
158 1668 347 1714 capitulum
376 1667 572 1703 lucrifacere
590 1693 600 1706 ‚
629 1669 660 1704 δι
675 1679 758 1704 onus
775 1668 810 1702 in
824 1668 927 1703 alium
943 1667 1143 1708 transferre,
1168 1678 1268 1715 atque
1292 1669 1338 1703 ita
1351 1669 1496 1704 eanoni-

88 1724 189 1752 catus
214 1715 360 1761 redditus
387 1716 541 1750 minuere
558 1742 567 1755 ‚
594 1716 683 1761 quod
711 1716 814 1762 probe
841 1714 909 1761 post
941 1715 1027 1750 alios
1052 1724 1167 1751 monet
1193 1717 1350 1763 Reinfest.
1371 1720 1406 1752 in
1421 1720 1494 1760 ‘Jus

89 1769 210 1798 Canon.
235 1763 333 1810 lit-3.
355 1765 471 1797 [luiz.
492 1774 694 1804 :fa-mmm
720 1769 763 1801 (y
785 1774 815 1804 s.
840 1763 998 1797 omnibus
1019 1762 1200 1804 veroJuris
1226 1764 1352 1809 regulis
1371 1763 1495 1798 adver-

86 1808 158 1845 sum
182 1808 246 1844 effe
262 1836 272 1849 ‚
300 1810 388 1856 quod
406 1815 444 1844 de
457 1811 664 1855 quotidianis
679 1809 970 1846 distributionibus
994 1822 1064 1845 non
1092 1810 1313 1856 percipiendis
1337 1810 1497 1846 statutum

86 1855 181 1895 fu1t3
208 1857 393 1892 canonicis
417 1856 601 1901 liquidem,
626 1858 684 1905 qui
706 1870 791 1893 curae
819 1858 1006 1892 animarum
1027 1859 1108 1892 dant
1133 1868 1294 1902 operam,
1320 1857 1424 1893 choro
1436 1859 1497 1893 di-

85 1904 243 1950 vinisque
254 1903 374 1939 officiis
397 1903 550 1939 interess‘e
579 1914 778 1949 reputantur
795 1931 805 1944 ,
829 1906 859 1939 δι
876 1901 920 1938 ob
942 1904 973 1938 id
989 1904 1240 1940 distributiones
1259 1906 1411 1949 accipere
1436 1907 1499 1940 de-

87 1951 169 1985 bent
185 1979 194 1991 ‚
220 1951 349 1986 etiamsi
371 1962 452 1986 cura
466 1951 599 1987 distenti
627 1964 706 1987 vere
731 1964 748 1986 a
761 1953 865 1987 choro
883 1950 1012 1989 absint,
1037 1952 1068 1986 &
1083 1952 1211 1988 divinis
1225 1952 1345 1987 officiis
1360 1964 1428 1987 non
1443 1953 1498 1986 in-

87 1998 231 2038 tersint,
259 2007 293 2033 ut
313 1998 576 2046 cognitissimum
598 1999 666 2034 est:
695 2000 864 2036 Accedere
896 1997 1153 2034 vetustiffimum
1177 1999 1383 2046 Collegiatae
1402 1999 1501 2042 hujus

89 2044 243 2080 Ecclefiae
269 2046 457 2085 statutum3
484 2059 551 2094 quo
567 2057 712 2082 cavetur
734 2073 743 2086 ,
770 2056 806 2082 ut
825 2044 983 2082 canonici
999 2047 1248 2092 temporalibus
1272 2047 1418 2093 capituli
1435 2060 1501 2083 ne-

90 2092 200 2139 gociis
213 2094 349 2138 agendis
376 2105 394 2127 a
417 2095 528 2129 choro
553 2095 704 2130 absentes
721 2094 993 2142 quotidianarum
1004 2093 1255 2128 obventionum
1268 2095 1397 2130 lucrum
1410 2095 1502 2130 acci-

87 2140 184 2185 piant
200 2165 207 2176 ,
233 2142 372 2185 ideoque
397 2141 482 2175 nihil
510 2142 691 2188 proponi,
716 2153 776 2176 cur
802 2141 986 2176 canonicus
1013 2140 1210 2176 Sacellanus
1236 2140 1400 2186 spirituali
1428 2142 1502 2177 ani-

92 2197 229 2222 marum
246 2198 334 2222 eune
356 2188 553 2224 incumbens
584 2189 776 2223 absentium
799 2200 913 2235 poenas
941 2187 1008 2224 fine
1020 2188 1095 2223 ulla
1114 2188 1213 2234 culpa
1239 2188 1500 2236 ferreiniquiffi-

88 2244 144 2268 me
169 2235 292 2268 debeat
314 2258 325 2268 .
427 2265 430 2268 ⁴

43 2279 194 2317 Nullam
221 2282 356 2317 demum
385 2283 516 2329 legibus
542 2283 614 2322 his,
641 2284 839 2330 statutisque
862 2284 1110 2330 capitularibus
1126 2283 1296 2331 vimposs'e
1316 2285 1502 2322 tribuere.-

92 2328 282 2380 centenarii
301 2331 476 2380 ⁴temporis
502 2331 636 2377 sugam,
662 2333 748 2366 unde
761 2332 840 2368 oriri
863 2333 976 2368 valeat
1004 2331 1223 2380 praesumptio
1248 2332 1420 2370 melioris,
1445 2342 1504 2367 at-

93 2387 159 2422 que
186 2385 325 2419 aptioris
338 2377 577 2424 cujuscumque
603 2378 722 2418 tituli,
745 2380 776 2414 &
792 2379 974 2425 praesertim
984 2378 1248 2415 confirmationis
1273 2379 1366 2414 factae
1385 2391 1404 2413 a
1421 2380 1503 2414 Sede

94 2422 317 2468 Apostolica3
345 2425 483 2460 Excludi
513 2426 672 2471 siquidem
697 2427 987 2473 praesumptionem
1013 2428 1096 2463 hanc
1112 2454 1122 2467 ,
1148 2427 1239 2473 quod
1267 2427 1390 2462 statuta
1410 2425 1504 2463 illa...

96 2478 162 2518 non
187 2469 315 2505 fuerint
330 2472 450 2506 aflidue
474 2473 651 2508 observata
668 2501 678 2515 ‚
701 2475 734 2510 8<
758 2477 848 2520 quod
873 2475 978 2520 magis
1006 2474 1053 2508 est
1074 2474 1316 2509 constitutione
1341 2473 1506 2509 innocen-

100 2514 240 2551 tiinl.
262 2518 441 2554 Pontificis
470 2519 606 2566 Optimi
619 2520 766 2557 Maximi
792 2522 884 2556 edita
897 2527 1093 2564 annoi695.
1116 2532 1191 2565 quae
1216 2521 1252 2555 in
1281 2520 1506 2557 Hollandia..

98 2564 315 2608 promulgata
333 2565 418 2605 fuit,
443 2567 601 2613 cujusque
616 2566 751 2602 initium
766 2568 810 2602 est
824 2568 979 2604 Ecciefiae
992 2566 1183 2603 Catholicae
1198 2591 1206 2601 ,
1219 2569 1425 2614 generaliter
1438 2569 1506 2604 im-

100 2609 256 2655 probatae
270 2610 398 2661 fuerint
426 2613 475 2648 ha.-
502 2615 591 2661 leges
615 2615 836 2659 capitulares,
867 2625 904 2650 ut
931 2615 1121 2660 intercepta
1142 2616 1246 2650 fuerit
1274 2617 1322 2650 vis
1347 2616 1509 2662 temporis

102 2664 293 2706 centenarii
312 2685 318 2693 .
349 2660 432 2695 Hac
455 2661 555 2696 habet
570 2661 739 2697 Henricus
756 2676 763 2696 ε
790 2662 990 2709 Capitulum
1011 2661 1163 2698 libellum
1182 2662 1278 2699 suum
1293 2665 1440 2699 nondum
1453 2675 1512 2697 no-

102 2702 154 2737 bis
177 2704 295 2743 dedit;
328 2706 446 2742 Caulae
466 2710 564 2743 dubia
591 2719 740 2757 quatuor
758 2737 767 2751 ,
791 2722 865 2758 quae
890 2710 1077 2756 sequuntur
1094 2736 1104 2747 .

1401 2758 1426 2792 1.
1456 2757 1512 2791 An
