1874 2961
99 158 276 192 buerunt.
308 148 375 184 His
406 144 536 192 igitur,
556 155 630 190 quae
660 152 752 178 nunc
771 151 1042 188 proponuntur,
1065 152 1207 187 quaeque
1230 141 1354 178 dudum
1378 110 1546 189 propos-,⁵22

99 204 249 240 suerunt
267 201 303 232 in
324 195 421 231 tolio
434 195 496 228 illo
509 194 800 241 Congregationis
817 191 944 227 habits:
957 190 1014 225 die
1029 200 1083 240 2⁴4-
1104 191 1311 225 Novembris
1341 203 1421 226 anni
1449 203 1543 241 ¹7†2·

112 261 178 286 rite
195 243 365 294 perpensis
379 270 389 284 ‚
418 240 764 277 Eminentiiiimorum
792 238 931 275 Patrum
950 238 1124 280 judicium
1145 247 1211 272 erit
1227 239 1434 283 respondere
1450 268 1458 276 ,

59 298 169 342 &Infit
178 298 336 340 Jtaadum
353 315 362 331 ‚
389 290 449 328 vel
465 291 682 327 recedendum
699 300 719 322 a
732 287 845 330 dectfis
858 291 892 322 in
906 289 982 331 casis
993 296 1070 323 wc.

157 392 412 434 consulendum
424 365 632 426 Sanetiffimo
645 400 706 437 pro
721 387 976 437 dispensatione
993 385 1034 420 ad
1043 383 1258 422 cauthei'am.

66 529 424 618 LUCEORIEN.
456 524 809 562 MATR1MON11.
838 523 993 559 Definita
1011 521 1076 557 fuit
1090 523 1158 557 haec
1175 522 1285 558 Causa
1310 523 1351 557 ab
1364 522 1540 569 Amplisst-
1569 534 1693 575 &ss-24:
1721 550 1761 570 M

173 581 237 615 mis
247 579 405 614 Patribus
420 577 455 610 in
470 573 752 620 Congregarione
770 572 882 606 habita
896 572 950 606 die
970 581 1021 610 17.
1035 570 1187 604 tranium
1203 569 1319 605 mensis
1333 570 1429 611 julii,
1440 571 1539 606 Duo·
1570 569 1669 617 «lires.
1681 563 1778 614 Mass:

111 631 171 664 bus
184 626 276 662 enim
291 624 422 660 Dubiis
440 649 450 662 ,
477 632 625 668 quorum
642 619 748 665 primo
761 620 975 665 quaerebatur
1001 636 1035 644 —-
1065 618 1123 652 An
1150 618 1281 652 constet
1307 617 1351 652 de
1372 617 1539 654 nullitate

111 673 335 711 Matrimonii
349 673 381 706 in
396 670 470 706 casu
484 671 548 704 &c.
563 690 593 698 --
606 678 705 713 atque
723 666 851 704 altero,
877 678 947 712 quo
963 665 1175 711 quaerebatur
1188 682 1219 689 ·—
1235 666 1291 699 An
1305 664 1486 700 Comitissa
1501 665 1540 701 sit

111 723 264 770 cogenda
279 717 515 764 ad.praestanda
532 714 692 759 obsequia
708 713 980 749 Matrimonialia
995 712 1030 747 in
1044 711 1121 747 casu
1146 712 1210 747 διο.
1238 709 1374 747 Placuit
1399 713 1538 757 respon-

113 772 191 805 dere
207 787 240 794 --
257 765 472 812 Adprimum
488 762 691 797 affirmative
711 786 720 796 .
748 763 802 796 Ad
831 760 1012 796 secundum
1040 760 1117 795 satis
1142 759 1316 806 provisum
1342 759 1377 794 in
1407 760 1537 806 primo.

119 817 269 862 Pugnam
287 823 376 847 nunc
400 812 527 846 iterum
544 809 729 844 instaurant
745 809 903 853 Princeps
921 806 1136 843 Radzivilius
1153 833 1165 847 ‚
1185 807 1219 842 &
1243 806 1419 841 Comitissa
1433 807 1538 842 The-

114 862 199 900 resta
214 859 353 906 Sapieha
369 884 379 898 ,
408 855 719 892 atEminentiiiimi
731 856 849 892 Patres
866 882 876 896 ,
899 853 1045 901 repetita
1059 853 1201 889 lectione
1219 853 1311 888 Folii
1327 853 1536 902 Congrega-

113 909 218 946 tionis
233 906 359 942 habitae
373 905 425 940 die
440 915 488 939 21.
512 904 717 940 Novembris
732 904 810 940 anni
823 915 919 946 1744.
935 904 970 938 in
983 914 1051 948 quo
1061 900 1175 937 omnis
1191 900 1328 945 hujusce
1340 900 1388 936 rei
1402 901 1538 937 historia

115 954 266 1002 expressa
283 954 370 993 suit,
392 955 567 988 decernere
585 950 716 996 poffunt'
730 978 738 987 .

71 1003 346 1049 ,Anfitslandum
359 1028 373 1042 2
388 1001 447 1038 vel
460 1001 675 1036 recedendum
692 1012 711 1033 a
724 998 838 1045 decifis
854 1004 891 1037 in
903 999 978 1045 caste
992 1001 1066 1035 &a

162 1102 202 1139 In
216 1099 331 1139 decisis
347 1126 357 1142 ‚
381 1102 412 1137 &
429 1091 591 1147 amphus.

67 1240 148 1324 C
163 1239 473 1275 ASTRIMARIS
497 1236 888 1275 RESIGNATIONIS
904 1234 1286 1273 PAROCHIAE.Haec
1301 1244 1432 1281 quoque
1442 1232 1535 1268 Cau-
1564 1249 1674 1289 δῴη,
1691 1255 1755 1281 mg

174 1288 207 1322 sa
224 1286 366 1323 definita
393 1287 456 1322 fuit
472 1288 514 1322 ab
531 1286 801 1322 Eminentiffimis
816 1285 933 1321 patim
948 1285 1021 1325 sitin
1034 1287 1146 1319 eadem
1161 1283 1451 1329 Congregatione,
1462 1293 1536 1326 quae
1565 1290 1601 1318 de
1613 1290 1666 1329 ref:
1760 1274 1770 1286 ⁸

114 1335 231 1370 habita
245 1334 290 1370 est
307 1334 366 1369 die
384 1344 434 1381 17.
452 1333 605 1370 transaffl
619 1334 738 1369 mensis
756 1333 836 1374 julii
853 1346 862 1365 τ
889 1333 970 1367 Duo
982 1330 1212 1373 erantCapita
1231 1356 1241 1369 ‚
1272 1342 1344 1377 quae
1362 1340 1537 1375 propone-

113 1385 238 1417 bantur
254 1409 262 1417 .
294 1382 320 1416 1.
333 1383 390 1417 An
404 1382 585 1427 resignatio
599 1380 681 1416 faeta
694 1393 758 1429 per
774 1380 1015 1426 Raymundum
1027 1379 1066 1412 de
1082 1377 1206 1413 Turris
1220 1377 1405 1412 Parochum
1418 1377 1536 1410 Eccle—

112 1428 164 1465 [ιζ
175 1429 322 1474 Spiritus
333 1429 444 1465 sancti
457 1432 496 1465 de
510 1430 582 1472 iure
597 1438 793 1475 patronatus
805 1426 973 1463 artificum
988 1426 1093 1468 vulgo
1107 1423 1235 1459 Bottari
1264 1423 1484 1458 substineatui·
1498 1424 1535 1457 in

112 1476 188 1512 casu
200 1477 265 1512 &c.
281 1482 323 1514 ὠ
340 1487 511 1523 quatenus
527 1480 691 1522 negative
710 1504 718 1513 .
745 1475 789 1512 ll.
806 1478 863 1511 An
877 1472 997 1522 poffint
1012 1473 1126 1507 iisdem
1140 1470 1287 1507 artifices
1304 1471 1415 1506 denuo
1430 1470 1537 1504 nomi-

113 1535 197 1560 nare
212 1523 375 1560 eumdem
393 1524 585 1560 Parochum
601 1523 826 1570 resignantem
842 1524 874 1557 in
891 1522 966 1557 casu
982 1522 1044 1556 &c.
1059 1519 1270 1563 Responsum
1282 1517 1330 1566 est
1347 1540 1381 1548 --
1396 1519 1449 1552 Ad
1466 1517 1536 1560 pri-

113 1583 206 1606 mum
222 1572 380 1617 negative
399 1600 405 1607 .
434 1573 488 1607 Ad
504 1571 684 1607 secundum
699 1570 869 1616 provisum
885 1570 917 1604 in
931 1569 1055 1614 primo.
1089 1567 1234 1603 Novum
1249 1565 1377 1607 Jurium
1401 1563 1538 1599 suorum

113 1618 309 1666 periculum
327 1617 406 1654 facit
416 1631 504 1655 nunc
516 1619 695 1655 Promotor
707 1618 844 1654 Fiscalis
870 1618 983 1652 Curiae
1008 1615 1213 1661 Episcopalis
1230 1639 1239 1652 ,
1261 1615 1295 1648 8<
1317 1613 1366 1648 ob
1391 1612 1423 1646 id
1452 1613 1537 1646 Am-

113 1665 249 1713 pliflimi
271 1666 384 1703 Patres
400 1694 409 1707 ,
431 1669 516 1702 lecto
543 1667 664 1701 itetum
680 1667 780 1701 Folio
794 1663 1085 1711 congregationis
1112 1663 1234 1697 habitae
1264 1660 1323 1696 die
1348 1658 1535 1700 zet-lunii,

115 1726 183 1762 quo
198 1713 342 1759 primurn
355 1715 468 1751 Causa
482 1713 592 1750 isthaec
609 1714 780 1761 proposita
791 1712 876 1751 fuit.
903 1710 1104 1760 respondere
1119 1716 1282 1759 poterunt
1297 1736 1305 1744 .

119 1828 122 1832 ·
164 1812 246 1849 Non
259 1815 433 1864 proposita
445 1828 521 1854 cum
536 1811 754 1862 sequentibus
769 1841 777 1850 .

150 1950 478 1991 OLICASTREN.
511 1952 843 1992 PAROCHIALIS
858 1977 866 1986 .
892 1951 929 1987 In
956 1948 1131 1985 Concursu
1157 1947 1279 1984 indicio
1305 1947 1346 1982 ab
1373 1943 1536 1990 Episcopo
1563 1963 1687 1999 sess-24.
1698 1964 1764 1994 ωε,

159 1998 391 2037 Policastrenst
406 2003 449 2038 ad
465 2003 650 2039 Ecclesiam
662 2000 895 2038 Parochialem
906 1997 1074 2034 Civitatis
1089 1996 1196 2032 Lacus
1213 1995 1313 2030 liberi
1330 2021 1339 2034 ‚
1363 2004 1435 2037 quae
1462 1991 1537 2041 Re·
1564 2007 1599 2034 de
1610 2003 1663 2043 „fi

115 2046 212 2081 30¹⁶
224 2050 358 2084 carebat
375 2077 382 2089 2
409 2053 571 2099 praelatus
589 2051 656 2086 fuit
671 2049 845 2084 Xaverius
855 2045 1058 2081 Turturella
1074 2072 1082 2084 ,
1103 2045 1225 2086 rejecto
1250 2045 1431 2088 utiparum
1459 2037 1538 2072 ido-

112 2104 179 2128 neo
189 2093 351 2132 Gallotto
360 2097 518 2135 Gallotio
532 2126 541 2138 ‚
562 2101 619 2145 qui
635 2098 697 2133 hoc
713 2097 865 2144 iniquum
879 2103 1035 2139 reputans
1050 2094 1091 2127 ab
1114 2091 1393 2127 Examinatorum
1406 2086 1538 2127 judicio

112 2143 153 2175 ad
171 2141 308 2177 Sacrum
322 2144 383 2180 hoc
398 2146 566 2181 Tribunal
583 2145 793 2192 provocavit
807 2169 817 2183 ‚
842 2142 1028 2186 oblatoque
1040 2139 1162 2176 libello
1191 2136 1376 2185 postulavit
1388 2161 1397 2174 ,
1423 2141 1459 2167 ut
1482 2143 1538 2185 no:

114 2199 196 2240 vum
209 2188 308 2224 fieret
323 2191 357 2226 in
374 2191 465 2227 Urbe
478 2194 636 2228 doetrinte
653 2191 842 2237 periculum
859 2215 867 2223 .
885 2189 1035 2225 Auditus
1052 2189 1166 2232 itaque
1181 2186 1245 2220 fuit
1265 2182 1462 2231 Episcopus,
1478 2191 1537 2225 qut

115 2242 222 2271 etlam
236 2237 387 2273 aQorum
399 2244 553 2276 omnium
567 2238 750 2284 processum
763 2237 911 2272 tradidit
927 2262 936 2275 ‚
956 2235 1051 2277 cujus
1064 2234 1270 2282 inspeClione
1296 2240 1417 2278 putans
1444 2226 1538 2261 Gal-

115 2281 222 2319 {ottus
231 2286 431 2322 concursum
448 2289 537 2323 vitio
553 2287 722 2322 nullitatis
733 2313 740 2320 .
765 2297 837 2330 quae
849 2283 1060 2318 devoluticni
1075 2284 1186 2317 locum
1200 2278 1344 2316 faciebat
1357 2305 1367 2318 ,
1382 2273 1538 2310 affectum

115 2328 179 2365 effe
192 2357 202 2370 ‚
226 2332 485 2370 Sacratiflimnm
500 2334 690 2379 Principem
707 2332 869 2368 Nostrum
883 2330 966 2365 adiit
982 2357 992 2370 ‚
1015 2338 1053 2365 ut
1067 2331 1097 2365 ei
1110 2328 1313 2364 Parochiam
1338 2323 1510 2373 conferret
1526 2349 1534 2356 .

117 2376 321 2414 Turturella
341 2393 422 2415 vero
434 2408 445 2420 ‚
471 2391 508 2417 ut
524 2382 584 2416 sibi
602 2390 740 2416 caveret
756 2407 765 2420 ,
796 2381 836 2415 ab
851 2379 971 2414 eodem
991 2377 1137 2423 Optimo
1151 2373 1313 2420 Principe
1326 2372 1537 2418 sanationem

114 2425 294 2476 postulavit
309 2429 508 2464 nullitatum
524 2456 534 2468 ,
560 2429 582 2463 si
597 2441 669 2475 quae
683 2427 809 2466 essent,
840 2424 1019 2462 concursus
1037 2449 1047 2459 .
1074 2426 1208 2460 Horum
1233 2421 1387 2456 omnium
1412 2425 1538 2461 cogni-

116 2479 168 2506 ¹10
176 2473 404 2519 Ampliiiimis
418 2476 575 2512 Patribus
589 2476 670 2511 data
685 2475 749 2510 fuit
767 2502 775 2514 ,
799 2486 816 2508 a
832 2473 956 2520 quibus
970 2471 1205 2507 controversiae
1222 2469 1341 2511 hujus,
1367 2475 1439 2511 quse
1452 2473 1537 2509 qua—

116 2526 197 2571 ἳυᾳι·
209 2522 382 2567 capitibus
394 2527 570 2571 complexa
587 2525 655 2561 est,
679 2522 916 2558 definitionem
929 2521 996 2555 duo
1011 2519 1204 2555 Sacerdotes
1219 2516 1398 2560 expectant
1414 2538 1421 2546 .
1508 2556 1514 2563 Ι

68 2566 281 2604 Nullitatem
296 2570 472 2607 concursus
489 2573 615 2607 duabus
630 2571 821 2605 rationibus
832 2567 968 2616 probari
985 2564 1287 2613 putatGallotius:
1313 2561 1427 2596 Prima
1440 2569 1536 2604 ,quia

115 2624 278 2650 numerus
292 2618 391 2653 trium
407 2618 681 2654 Examinatorum
695 2629 713 2651 a
726 2616 938 2651 Tridentino
953 2613 1137 2659 praefinitus
1159 2610 1305 2646 defuerit
1317 2634 1327 2648 ,
1351 2618 1428 2642 nam
1445 2606 1537 2640 ultra

115 2662 194 2694 duos
207 2662 280 2698 loco
290 2665 511 2709 Synodalium
527 2666 649 2701 eleetos
665 2665 704 2698 ab
718 2662 887 2710 Episcopo
900 2688 911 2701 ,
936 2661 1101 2698 facultate
1115 2659 1167 2694 illi
1179 2660 1258 2694 data
1285 2659 1324 2692 ab
1341 2656 1405 2690 hoc
1431 2654 1537 2687 Sacro

68 2718 73 2729 ⁸
115 2707 264 2750 Senatu,
286 2709 381 2749 affuit
399 2713 559 2754 Vicarius
591 2711 788 2752 Generalis,
808 2709 868 2757 qui
896 2720 1017 2746 munus
1038 2707 1258 2754 officiumque
1282 2698 1534 2742 Examinatoris

121 2780 128 2786 ·
1417 2757 1535 2794 geren-
