1901 2970
78 111 214 154 confert
233 98 489 145 ‘Umbriaticum
504 135 513 144 .
549 107 753 144 Refidentes
775 108 888 155 itaque
909 108 1103 152 canonici,
1129 112 1160 148 δι
1184 114 1385 160 Dignitates
1407 139 1417 154 ‚
1459 74 1556 150 adiici

81 161 241 205 Episcopo
254 182 266 198 ‚
291 155 529 203 postularunt,
552 167 591 192 ut
606 155 764 192 absentes
779 157 818 190 ad
844 156 1052 192 residendum
1068 155 1288 206 compelleret
1304 188 1313 201 ,
1340 163 1389 196 led
1405 161 1556 198 absentes

79 204 302 249 Sagratissimo
316 203 465 250 Principi
492 203 599 240 nostro
620 215 733 249 preces
745 204 946 239 obtulerunt
967 230 977 244 ,
1002 206 1121 251 quibus
1136 209 1341 251 postulabant
1358 209 1529 244 indultum
1543 236 1553 250 ,

80 267 119 290 ui
144 250 272 300 possent
288 249 396 286 abesse
411 278 422 293 ,
447 250 526 297 quia
542 251 673 286 nullam
689 251 832 286 habeant
849 251 1070 288 Prcebendam
1086 279 1097 292 ,
1122 255 1152 287 δι
1179 256 1407 290 emolumenta
1421 279 1430 288 .
1459 256 1554 291 Data

80 301 215 344 hujusce
235 300 284 333 rei
298 298 498 345 cognitione
522 298 741 343 Ampliilimi's
756 297 934 339 Patribus,
959 298 1094 334 auditus
1114 299 1176 335 suit
1192 299 1372 348 Episcopus
1387 328 1396 342 ,
1421 303 1478 348 qui
1492 315 1553 338 re—

80 346 145 383 fert
161 347 302 393 plurima
322 346 415 380 Sacri
442 345 542 387 hujus
565 345 768 381 Tribunalis
794 345 976 390 rescripta,
1000 346 1032 381 δι
1046 346 1174 394 Synodi
1204 349 1415 384 Dioecesanae
1436 353 1555 385 coaelae

80 407 170 430 anno
194 404 292 435 1729.
313 391 445 427 sedente
470 391 636 438 Episcopo
655 391 803 438 Loyerio
826 392 1116 429 constitutionem
1130 420 1139 434 ,
1165 396 1285 439 quibus
1299 396 1469 430 decretum
1486 395 1554 436 est,

78 452 117 479 ut
140 440 244 478 nullis
256 438 467 475 obstantibus
481 439 755 476 excusationibus
771 439 918 476 defectus
933 440 1239 476 emolumentorum
1256 467 1265 480 ,
1291 443 1321 476 ὅ(
1338 442 1529 478 Praebenda:
1543 469 1554 483 ,

78 486 325 525 insaliibritatis
339 487 426 522 aeris
441 513 450 529 ‚
478 488 509 522 &
535 487 693 522 similium
707 487 993 532 compellerentur
1010 488 1165 524 absentes
1181 487 1224 522 ad
1246 487 1451 523 residendum
1470 489 1557 525 Um-

79 535 238 572 brisitici3
265 534 316 569 At
340 542 432 581 parte
445 545 487 570 ex
509 533 578 569 alia
595 534 706 569 nullas
726 532 792 568 esse
815 535 900 570 dicit
917 534 1132 574 Praebendas‚
1158 535 1270 570 nullas
1294 534 1556 573 distributiones

77 581 300 627 quotidianas
315 606 325 620 ,
350 590 489 617 tenuem
504 581 568 616 effe
585 579 727 615 Massam
742 607 751 620 ,
771 590 806 616 ut
824 581 887 617 hoc
901 582 979 618 casu
1002 582 1098 620 locus
1117 581 1179 618 esse
1188 591 1336 628 Jthueat
1349 582 1556 629 dispositioni

79 630 252 665 Sacrorum
268 627 448 664 Canonum
461 629 500 663 de
515 627 690 663 residentia
710 640 718 660 =
747 626 934 664 Praesertim
950 630 1033 676 quia
1048 655 1059 669 ‚
1079 642 1157 666 cum
1170 630 1205 664 hi
1218 629 1370 664 absentes
1386 628 1556 664 resideam

79 679 196 713 inloto
209 679 354 712 tationis
382 677 535 724 Episcopi
554 701 564 715 ‚
591 675 647 710 ubi
663 674 709 710 est
725 674 896 711 Tribunal
911 703 921 717 ,
943 678 997 712 ubi
1014 676 1198 713 functiones
1212 675 1432 712 pontificales
1449 687 1557 722 agun-

80 733 136 759 tur
151 751 159 764 ,
190 724 221 758 &
240 723 383 760 Divinis
405 721 547 760 ailistant
563 749 574 763 ‚
600 733 661 768 pro
681 722 873 757 absentibus
891 724 1041 759 absolute
1066 724 1183 760 haberi
1200 733 1265 758 non
1294 723 1415 770 postint
1436 735 1448 761 3
1478 724 1561 758 De-

77 780 169 806 creta
187 770 315 817 Synodi
339 784 384 808 ex
399 772 588 808 tolerantia
603 771 840 817 Epist-oporam
864 772 1128 817 exequutionem
1143 783 1211 807 non
1226 768 1377 806 habuisse
1391 782 1402 809 3
1423 769 1558 805 Paucos

81 817 146 852 esse
165 816 371 853 Uuibriatici
395 818 566 853 naturales
582 816 778 854 Sacerdotes
795 843 805 856 ,
829 818 956 865 eosque
973 817 1015 854 ad
1027 818 1258 855 Canonicatus
1273 817 1474 853 obtinendos
1490 817 1556 851 mi-

82 877 145 900 nus
163 874 262 910 aptos
276 890 284 900 .
309 864 435 901 Censet
450 865 563 911 itaque
588 863 709 899 suturis
727 865 864 909 quidem
882 865 1118 902 vacationibus
1135 865 1263 901 consuli
1277 864 1365 910 posse
1378 891 1388 905 ,
1412 863 1557 910 praestito

81 910 150 948 five
173 913 398 959 alienigenis,
424 911 490 947 sive
515 911 743 947 Dioecesanis
772 910 981 947 sacramento
998 912 1038 948 de
1059 912 1256 950 residend03
1281 911 1447 947 Absentes
1470 922 1557 946 vero

81 970 148 996 non
163 962 228 995 esse
240 962 278 995 ad
295 959 502 995 residentiam
519 958 773 1003 compellendos
788 982 799 997 ,
826 962 906 1006 quia
922 960 1064 1003 reperiri
1077 972 1145 996 non
1161 958 1266 1005 poss'et
1280 986 1290 1001 ,
1315 959 1371 1005 qui
1388 958 1477 993 sedes
1489 956 1558 993 Ca·-

81 1007 286 1044 nonicorum
303 1008 464 1052 impleret
478 1034 486 1042 .
513 1005 645 1041 Contra
670 1004 740 1041 haec
756 1031 766 1045 ‚
786 1018 859 1054 quae
882 1007 926 1041 ab
948 1005 1113 1053 Episcopo
1133 1006 1256 1052 scripta
1271 1007 1369 1045 sunt,
1385 1005 1557 1051 disputant

83 1052 285 1094 residentes,
307 1055 386 1101 qui,
409 1053 566 1090 omnibus
590 1053 722 1096 rejectis
736 1078 748 1093 ,
772 1053 937 1098 postulant
952 1055 1111 1099 compelli
1133 1052 1366 1091 Primicerium
1380 1078 1390 1093 ‚
1419 1053 1450 1087 &
1465 1063 1556 1098 qua·

80 1107 160 1138 tuor
173 1102 368 1138 Canonicos
383 1113 489 1147 poena
503 1100 704 1147 privationis
720 1113 729 1134 ι
757 1112 842 1137 onus
862 1101 925 1137 erit
939 1100 1232 1148 Ampliffimorum
1250 1100 1392 1137 Panum
1404 1111 1444 1135 ea
1458 1124 1470 1140 ‚
1490 1109 1558 1145 qua

81 1148 240 1195 praestant
250 1176 260 1190 ,
285 1148 470 1198 prudentia
483 1175 492 1189 ,
509 1150 688 1183 decernere
701 1171 712 1184 .
1107 1149 1110 1152 ’

34 1195 96 1233 ΓιΑη
112 1223 122 1237 ,
147 1201 191 1234 &-
207 1198 330 1246 quibus
339 1200 448 1244 poenis
472 1198 702 1232 ‘primicerius
719 1221 729 1234 ,
755 1199 799 1232 Θ*
822 1196 978 1235 canonici
997 1196 1141 1241 Ecclefiae
1164 1197 1381 1234 cathedralis
1397 1193 1558 1230 vmbria-

86 1247 191 1280 ticen.
215 1245 369 1290 absentes
389 1246 550 1291 congemit·
553 1244 621 1288 fint
636 1245 678 1278 ad
701 1243 909 1286 residentiam
935 1247 969 1281 in
996 1246 1065 1293 ipsa
1094 1246 1245 1281 civitate
1268 1243 1477 1280 vmbriatici
1499 1243 1558 1277 ima

82 1303 122 1327 ca
140 1303 160 1326 ἰ
182 1297 257 1331 &a
506 1291 529 1302 ⁶
1152 1314 1157 1316 v

209 1399 543 1456 Affirmative
564 1442 577 1465 ‚
615 1408 665 1456 &c
693 1401 992 1471 Episcopus
1026 1414 1187 1470 cogat
1225 1399 1294 1451 ad
1329 1396 1556 1450 residen-

105 1469 236 1535 dum
268 1471 489 1536 praefixo
528 1472 758 1524 termino
788 1473 1021 1524 duorum
1057 1470 1312 1522 mensium
1331 1467 1425 1517 sub
1444 1485 1559 1534 poe-

103 1553 174 1588 na
211 1541 571 1605 privationiS,
609 1544 662 1591 ὃς
701 1543 959 1594 certioret
984 1543 1049 1592 de
1086 1538 1434 1606 exequutione
1456 1575 1472 1590 .

117 1667 449 1708 OLICASTREN.
475 1669 852 1707 MATRICITATIS
869 1699 876 1707 .
905 1671 996 1706 Duae
1015 1671 1090 1707 sunt
1108 1669 1144 1705 in
1156 1667 1311 1704 Civitate
1323 1663 1559 1718 RiveltliDie-
1590 1670 1828 1716 Seſs·24.c.13.

128 1716 247 1752 caeseos
274 1717 516 1756 policastrensis
544 1717 697 1753 Ecclesiae
712 1718 928 1754 Parochiales
948 1744 958 1756 ‚
985 1719 1091 1754 altera
1105 1717 1136 1751 S.
1153 1716 1271 1752 Mariae
1292 1714 1332 1748 de
1358 1714 1485 1751 Pedio,
1509 1712 1559 1763 al·
1590 1719 1833 1765 derefi&seff.

83 1772 154 1797 tera
167 1764 197 1799 S.
226 1764 384 1802 Nicolai.
417 1768 527 1802 Prima
544 1766 687 1801 vetustis
715 1765 922 1812 temporibus
945 1765 1046 1801 Ritus
1056 1763 1172 1800 Graeci
1190 1773 1261 1798 crat
1275 1787 1286 1802 ,
1307 1760 1385 1812 inde
1397 1761 1438 1794 ad
1463 1758 1560 1792 Lati-
1591 1773 1726 1814 aisap.
1740 1769 1820 1808 φάε

80 1821 162 1846 num
181 1811 339 1846 transiens
355 1840 363 1852 ,
387 1815 417 1849 &
432 1815 465 1848 in
478 1813 710 1858 Collegiatam
726 1815 834 1848 erecta
849 1839 858 1851 ,
874 1812 1061 1847 Canonicis
1072 1814 1228 1846 decorata
1243 1807 1306 1844 fuit
1318 1833 1330 1848 ,
1353 1808 1434 1842 licet
1446 1815 1560 1858 nunc3
1591 1813 1656 1856 ref,

80 1867 148 1901 qua
161 1859 206 1893 de
221 1860 319 1895 causa
342 1860 544 1907 ignoratur.
571 1861 634 1895 hoc
648 1859 794 1905 amplius
809 1871 875 1894 non
895 1859 1028 1894 fruatur
1054 1859 1204 1893 honore:
1232 1856 1353 1892 Altera
1368 1855 1399 1888 S.
1418 1851 1560 1888 Nicolat

81 1904 244 1940 Latinum
259 1906 384 1952 semper
401 1918 507 1944 ritum
524 1906 671 1942 servavit
696 1906 894 1952 simpliciter
910 1905 1119 1942 Parochialis
1134 1931 1141 1939 .
1170 1906 1300 1939 Harum
1315 1898 1536 1950 Ecclesiarum
1547 1925 1559 1940 ,

73 1962 152 1996 ,quae
168 1951 205 1987 fit
227 1954 401 2000 antiquior
415 1983 425 1996 ,
449 1966 521 1990 non
534 1953 680 1990 constat:
717 1955 820 1989 ambae
834 1953 906 1988 suas
931 1951 1053 1988 filiales
1067 1951 1231 1987 Ecclesias
1254 1951 1380 2000 habent
1392 1959 1468 2000 cum
1493 1956 1560 1999 tn..-

78 1997 241 2034 civitate
254 2026 263 2040 ,
289 2009 361 2036 turn
384 2012 480 2038 extra
495 2027 505 2041 ,
528 2004 630 2037 ambae
647 2001 872 2037 Parochianos
895 2000 1018 2035 habent
1032 2012 1098 2035 non
1111 1998 1227 2034 *certis
1251 1995 1471 2045 Regionibus
1488 2003 1559 2028 cir-

79 2047 300 2093 cumscriptos
314 2076 324 2089 ,
349 2048 404 2084 sed
418 2062 478 2097 pei·
498 2048 656 2084 Familias
670 2074 680 2089 ‚
709 2060 783 2096 quae
799 2047 832 2082 in
846 2047 1002 2082 Civitate
1018 2048 1083 2083 huc
1097 2046 1180 2081 illuc
1193 2044 1292 2096 sun-t:
1317 2043 1531 2094 Alienigenae
1546 2066 1557 2080 ,

78 2093 137 2139 qui
161 2095 205 2128 ad
220 2106 292 2130 eam
310 2095 503 2132 Civitatem
525 2096 737 2131 incolendam
753 2094 898 2130 veniunt
913 2121 923 2135 ,
947 2106 1046 2141 quam
1061 2106 1101 2129 ex
1118 2093 1158 2129 iis
1178 2093 1302 2126 malint
1315 2087 1559 2138 propriam-Pa-

78 2140 229 2176 rochiam
243 2142 368 2191 eligere
388 2143 541 2192 poss'unt:
571 2143 728 2189 Utraque
746 2142 887 2176 Fontem
915 2144 1015 2177 habet
1039 2139 1277 2187 Baptismalem
1292 2165 1303 2178 ,
1327 2138 1358 2172 &
1381 2145 1558 2182 proprium

77 2183 308 2226 Territori'um
322 2193 364 2227 ab
383 2192 522 2227 alterius
543 2188 738 2225 Territorio
752 2188 942 2224 distinctum
957 2215 968 2229 ,
993 2199 1030 2223 ut
1043 2189 1149 2224 Sacra:
1165 2187 1297 2231 Pompae
1313 2211 1323 2224 2
1348 2182 1404 2218 seu
1417 2180 1560 2217 P10ces·

78 2231 185 2268 stones
209 2239 251 2272 ab
270 2250 470 2286 unaquaque
495 2239 687 2274 ducantur:
716 2235 949 2271 Habetetiam
972 2247 1113 2282 utraque
1139 2243 1264 2280 praeter
1287 2231 1499 2280 Cantorem,
1526 2228 1561 2261 ὅ(

77 2279 259 2319 Vicariuin
271 2311 280 2324 ,
307 2285 386 2321 satis
410 2286 633 2333 conspicuum
648 2284 870 2325 Sacerdotum
882 2295 1059 2318 numerum
1074 2309 1084 2323 ,
1105 2282 1135 2317 δι
1153 2280 1336 2315 Paroclium
1356 2276 1560 2321 Archipres-

77 2326 192 2374 byteri
211 2331 313 2367 titulo
337 2333 548 2368 honestatum
568 2359 578 2373 ,
598 2331 656 2377 qui
671 2330 814 2366 Paroclii
827 2356 838 2369 ,
866 2328 934 2365 five
952 2327 1256 2376 Archipresbyteri
1280 2327 1380 2360 ambo
1393 2335 1451 2374 pler
1473 2333 1558 2357 con-

76 2376 211 2413 eursum
228 2379 405 2425 eliguntur
419 2407 428 2424 ,
452 2380 557 2416 ambo
576 2380 609 2413 in
633 2388 769 2423 propria
787 2376 935 2413 Ecclesia
949 2378 1117 2424 equalem
1131 2375 1256 2426 habent
1281 2373 1531 2424 authoritatem
1545 2393 1558 2409 ,

79 2422 114 2504 ξι
139 2436 172 2458 in
194 2426 384 2463 Funeribus
405 2454 416 2468 ,
441 2428 472 2464 δι
490 2428 786 2464 Sacramentorum
807 2422 1052 2462 ministratione
1079 2422 1224 2470 aequalia
1247 2426 1446 2468 percipiunt
1458 2426 1557 2452 emo-

97 2481 231 2507 umenta
257 2500 264 2508 .
1140 2480 1142 2484 ’

29 2513 244 2563 Reciprocus
260 2521 354 2557 estin
377 2521 640 2556 Proceffionibus
665 2518 762 2554 Cleri
787 2518 930 2555 accessus
959 2519 1000 2555 ad
1022 2529 1204 2568 utramque
1229 2512 1408 2552 Ecclesiam
1424 2539 1436 2555 ⁵
1458 2520 1559 2547 uffa·

79 2575 144 2610 que
169 2566 262 2601 Crux
277 2570 446 2616 erigitur,
470 2569 667 2605 Sacerdotes
683 2567 853 2614 utriusque
870 2567 969 2602 Cleri
996 2567 1185 2614 promiscue
1210 2566 1402 2601 incedunt.
1425 2559 1560 2612 servata

78 2620 212 2646 tantum
234 2624 396 2652 intereos
421 2617 586 2661 temporis
611 2615 838 2661 prerogativa
853 2641 863 2654 ‚
889 2615 1190 2663 Archipresbyteri
1218 2620 1353 2658 quoque
1372 2619 1446 2655 pari
1468 2603 1562 2658 pqffu

76 2658 197 2693 ss⁰1³¹¹¹
212 2673 366 2708 gesem&
380 2664 544 2698 incedunt
558 2689 567 2703 ,
593 2663 655 2698 mli
671 2663 760 2709 quod
775 2662 1060 2708 Archipresbyter
1073 2664 1107 2697 5.
1128 2661 1160 2696 N
1166 2660 1268 2695 icolai
1282 2659 1457 2708 dexteram
1475 2678 1484 2692 ‚
1500 2651 1562 2686 ille

78 2716 160 2742 Vf-‘O
173 2706 205 2744 S·
222 2709 340 2746 Mariae
366 2711 527 2752 sinistrant
539 2718 637 2751 tenet
651 2734 662 2749 .
684 2706 840 2757 Longum
855 2707 1066 2792 effetgmnia
1082 2707 1254 2746 recensere
1271 2731 1280 2744 .
1305 2716 1322 2739 e
1340 2702 1564 2782 quibfistcon·

214 2759 416 2802 Iota-AVII.
521 2756 527 2763 '
1005 2769 1026 2793 2
1452 2759 1468 2781 ὃ
1501 2770 1511 2780 ·
