1883 2907
340 97 476 170 :igmiffi
492 131 642 166 decret-is
657 155 666 168 ‚
692 135 761 164 tum
775 124 956 162 noviffimae
971 124 1189 161 Sacratiffimi
1204 123 1372 172 Principis
1387 120 1487 160 nostri
1498 119 1752 160 Constitutioni

341 192 479 216 omnino
495 177 697 214 convenire.
728 176 790 209 Ait
809 173 1029 208 Sacerdotem
1046 174 1172 208 b’ianco
1193 183 1290 208 aetate
1322 171 1496 218 praestare,
1520 174 1551 207 δι
1575 173 1723 207 doctrina
1741 197 1753 210 ,

343 240 418 262 cuin
442 227 570 261 Douor
586 224 624 258 sit
639 221 847 267 theologum
873 219 1002 254 meritis
1019 232 1155 266 quoque
1178 220 1383 255 antecellere
1397 245 1406 258 ,
1431 221 1519 265 quod
1532 218 1659 257 electus
1674 219 1755 254 suc-

345 276 390 309 rit
416 272 594 320 Synodalis
621 270 831 305 examinator
857 268 896 301 ab
910 278 997 301 anno
1030 272 1128 312 1728.
1155 295 1165 308 ,
1187 269 1276 313 quod
1297 268 1461 314 probatus
1483 265 1583 300 fuerit
1608 267 1753 302 secundo

344 323 419 357 loco
434 333 464 354 iu
484 317 644 355 concursu
664 316 707 351 ad
725 315 828 350 alium
853 315 1231 360 Archipresbyteratum
1254 314 1368 349 Orioli
1384 341 1394 353 ‚
1419 313 1506 358 quod
1531 313 1753 349 laudabiliter

345 368 531 415 perfunctus
563 365 660 399 fucrit
678 372 815 396 munere
836 360 968 395 Vicarii
991 361 1138 407 delegati
1166 363 1196 395 in
1212 361 1403 396 l’arochiali
1436 359 1584 395 Ecclesia
1609 360 1641 395 S.
1661 359 1754 399 jose-

346 417 401 460 ΓΜ
418 415 558 456 majoris
576 409 739 456 Neapolis
757 435 766 448 ‚
793 407 881 454 quod
907 408 941 442 in
955 407 1166 454 excipiendis
1181 407 1447 442 Conseilionibus
1462 433 1472 446 ‚
1492 419 1594 454 atque
1621 409 1654 442 in
1667 406 1756 443 Prae-

346 460 513 500 dicatione
528 457 622 492 verbi
640 456 710 491 Dei
728 464 910 501 occupatus
925 481 934 494 ‚
961 456 991 490 &
1017 457 1188 491 exercitus
1211 455 1314 491 suerit
1329 482 1337 495 ,
1362 455 1450 500 quod
1470 456 1606 490 demum
1625 454 1757 490 summo

346 507 626 544 parochianorum
644 503 806 538 consensu
830 511 985 547 receptus
1007 501 1069 536 fit:
1097 514 1239 549 quarum
1255 503 1428 542 omnium,
1456 503 1667 538 &virtutum
1687 524 1707 542 ,=
1722 503 1754 537 ὅτ
1786 528 1790 531 -

346 562 645 603 ρτωτοξιιῐινειτυιῃ
670 559 845 594 expertem
873 548 938 584 esse
954 550 1166 585 Sacerdotem
1193 551 1359 588 Viccari,
1385 551 1476 595 quod
1495 551 1653 584 vincatur
1677 560 1755 584 aeta-

349 616 379 637 tc
396 628 405 640 ‚
433 601 565 647 soloque
592 598 766 632 medicinae
789 624 797 636 ,
825 607 929 642 atque
944 603 1068 632 artium
1084 599 1186 644 gradu
1200 597 1411 633 honestetur.
1443 606 1480 630 ut
1496 595 1620 631 necess'e
1636 595 1666 630 ei
1681 595 1756 631 fue·

348 649 389 683 rit
404 645 689 694 dispensationem
706 643 865 678 obtinere
884 671 893 682 ‚
919 657 988 689 quo
1003 643 1106 689 posset
1124 649 1163 680 ad
1186 645 1429 681 Ecclesiasticos
1453 645 1598 678 Ordines
1618 654 1756 691 promo·

348 696 419 730 veri
445 723 453 734 ,
478 704 594 738 praeter
619 703 740 727 munus
765 691 965 737 excipiendi
990 691 1226 728 Confeffiones
1256 692 1388 727 nullum
1424 691 1514 726 aliud
1537 689 1754 731 exercuisse,
1782 716 1785 718 -

348 742 507 787 nullaque
522 740 590 776 alia
606 739 762 788 praestare
789 738 1019 784 praerogativa
1033 765 1043 778 ‚
1072 741 1143 774 imo
1166 739 1361 787 inquisitum
1386 737 1448 772 effe
1461 739 1507 773 ob
1520 739 1760 775 exercitium-⁵
1781 742 1783 746 “

351 790 483 824 medicae
507 787 686 822 facultatis
715 795 852 830 accepta
877 789 1054 826 mercede,
1083 788 1112 821 δι
1137 787 1181 821 ob
1208 787 1488 833 interceptionem
1512 785 1668 832 pecuniae
1687 811 1698 825 ‚
1724 785 1758 819 δι

353 835 515 872 srumenti
542 834 731 869 afidelibus
756 831 887 872 oblati,
915 843 949 866 ut
966 843 1186 878 repararetur
1214 833 1379 870 Ecclesia.
1409 834 1527 869 acerbo
1554 833 1759 879 publicoque

351 883 512 921 convicio
527 882 706 916 Vicarium
719 878 922 915 Generalem
950 879 1141 925 proscidisse
1156 907 1165 921 ,
1191 882 1268 927 quia
1292 881 1508 916 Sacerdotem
1535 880 1661 916 ssranco
1674 892 1759 926 prae-

351 931 503 968 tulerat,
529 927 697 963 disccssiffe
727 930 860 962 demum
890 926 963 971 post
990 931 1162 972 querelam
1191 927 1393 974 propositam
1418 952 1428 966 ,
1449 927 1584 962 deserto
1611 926 1755 962 servitio

347 975 504 1014 Ecclesia:
526 976 599 1015 ‚cui
617 974 662 1009 est
683 974 866 1017 adscriptus
884 987 890 1005 ³
911 975 998 1024 ‘Ha-c
1024 974 1226 1021 Episcopus.
1256 974 1412 1010 Libellus
1439 974 1632 1010 Sacerdotis
1651 973 1756 1009 Bian-

345 1038 386 1061 co
413 1024 512 1058 iuliis
529 1050 537 1062 ‚
563 1034 633 1067 qua·
655 1024 696 1057 ab
714 1020 971 1067 hpiscopodnfta
994 1021 1069 1056 sunt
1084 1022 1318 1058 confirmandis
1346 1032 1437 1057 totus
1461 1023 1529 1061 est,
1555 1021 1756 1067 &postulat,

350 1082 388 1108 ut
403 1071 445 1105 ab
461 1069 734 1105 Eminentiffimis
751 1068 908 1103 Patribus
935 1069 967 1102 in
986 1068 1182 1116 poss‘eflione
1203 1098 1212 1110 ,
1238 1081 1338 1117 quain
1361 1070 1475 1105 nastris
1501 1068 1546 1104 est
1570 1068 1752 1105 Parochia-

352 1119 392 1154 lis
410 1115 566 1153 Ecciefiae
595 1117 799 1152 custodiatur
816 1115 915 1157 juxta
937 1115 1192 1167 dispositionem
1204 1128 1296 1156 text.
1323 1121 1357 1154 in
1370 1126 1440 1170 cap.
1461 1122 1534 1153 Cum
1561 1120 1596 1153 in
1622 1117 1755 1153 canoris!

352 1174 454 1201 Extr.
479 1169 515 1202 de
542 1166 706 1201 aleman.
772 1174 775 1175 ’
1780 1197 1784 1210 f

305 1214 439 1249 Contra
461 1214 618 1247 Sacerdos
645 1212 785 1248 Viccati
805 1209 1106 1258 consanguinitatis
1122 1240 1132 1252 ‚
1157 1214 1188 1249 δι
1209 1214 1365 1250 amicitia:
1391 1213 1561 1248 insimulat
1579 1210 1752 1246 Adversa-

351 1261 437 1295 rium
454 1270 530 1294 curn
543 1259 851 1294 examinatoribus:
878 1261 942 1295 Ait
969 1271 1044 1295 curn
1068 1263 1178 1308 primo
1191 1273 1231 1298 ex
1249 1261 1319 1297 illis
1335 1289 1343 1300 ‚
1369 1274 1384 1295 a
1400 1273 1466 1306 quo
1492 1258 1659 1306 repulsam
1676 1258 1754 1303 pas-

349 1308 402 1342 sus
430 1305 475 1341 est
489 1333 499 1346 ,
526 1305 727 1341 inimicitias
740 1305 801 1342 fibi
818 1305 913 1342 fuisse
927 1334 936 1346 ‚
962 1309 1047 1343 unde
1062 1321 1139 1345 eum
1155 1309 1335 1353 suspectum
1360 1307 1520 1342 habuerit
1534 1333 1544 1346 ‚
1570 1315 1754 1350 antequam

349 1352 443 1389 fieret
461 1353 662 1391 concursus;
692 1354 876 1389 certiorem
905 1354 968 1389 hac
994 1354 1036 1389 de
1060 1368 1095 1391 re
1109 1355 1218 1391 feciss'e
1245 1356 1420 1391 Vicarium
1434 1354 1670 1391 Generalem,
1694 1351 1754 1398 qui
1792 1387 1795 1389 ,
1825 1354 1831 1363 ‘

350 1410 463 1435 tamen
486 1412 562 1435 eum
578 1412 644 1435 non
655 1402 827 1440 ,removi13
852 1402 1090 1447 praerogativis
1109 1429 1120 1442 ,
1140 1405 1171 1439 ὰ
1188 1402 1318 1438 meritis
1333 1402 1474 1436 alterius
1503 1401 1558 1435 sua
1582 1399 1726 1446 opponit
1741 1423 1753 1438 ,

349 1458 582 1495 provocatque
610 1448 652 1483 ad
667 1449 735 1484 ada
750 1447 916 1483 examinis
929 1449 1008 1494 gesti
1025 1477 1034 1489 ,
1062 1462 1104 1486 ex
1118 1450 1240 1498 quibus
1265 1459 1383 1492 patere
1400 1447 1485 1494 poffe
1500 1455 1596 1493 putat
1611 1473 1621 1487 ‚
1645 1456 1755 1491 quan-

349 1506 424 1530 tum
441 1495 508 1540 ipse
525 1494 641 1531 vincat
657 1496 804 1531 doctrina
817 1496 1066 1532 Adversarium
1081 1524 1091 1537 ,
1119 1498 1216 1541 cujus
1230 1496 1366 1532 inscitiae
1396 1503 1629 1543 argumentum
1651 1493 1752 1529 esse-.-

351 1541 544 1588 responsum
560 1568 569 1581 ,
588 1545 674 1587 quod
689 1542 785 1578 dedit
803 1545 842 1579 ad
855 1543 1061 1590 propositum
1078 1545 1219 1579 dubium
1236 1544 1271 1580 in
1289 1544 1468 1578 summario
1483 1542 1626 1578 relatum
1641 1552 1649 1572 ε
1666 1538 1756 1573 Falli

353 1588 558 1640 ⁴Episcopum
584 1615 593 1627 ‚
618 1591 676 1634 qui
699 1591 759 1626 soli
786 1592 933 1631 artium,
959 1592 990 1626 &
1017 1592 1200 1628 medicina:
1222 1593 1322 1638 gradu
1346 1589 1514 1625 honestari
1538 1588 1648 1626 dicit,
1677 1596 1759 1620 cum

351 1637 419 1679 ipse
446 1634 622 1676 Romani,
647 1639 678 1672 &
707 1637 880 1674 Pontificii
905 1638 995 1680 Juris
1023 1641 1152 1676 Doctor
1176 1639 1214 1674 sit
1239 1665 1265 1679 ‚⁷
1289 1639 1320 1673 &
1350 1639 1466 1673 vincat
1491 1633 1752 1670 adversarium..-

354 1682 482 1716 ssianco
494 1685 597 1735 gradu
611 1686 739 1733 artium
753 1713 763 1726 ,
789 1688 818 1721 &
833 1686 1007 1722 medicinae
1021 1714 1030 1726 ,
1047 1699 1119 1733 quae
1146 1686 1273 1722 summo
1291 1686 1323 1720 in
1339 1684 1462 1732 praetio
1487 1682 1533 1719 est
1548 1684 1636 1729 apud
1653 1682 1757 1715 inco-

356 1729 404 1764 las
430 1730 596 1775 Regionis
614 1731 704 1767 iilius
718 1760 728 1773 ,
750 1734 784 1768 in
801 1747 866 1780 qua
891 1745 969 1768 cum
992 1735 1117 1775 desint,
1139 1732 1410 1780 quimedicinam
1426 1731 1550 1767 faciant
1564 1755 1573 1767 ‚
1602 1727 1756 1764 defectus

355 1787 527 1827 reparatur
547 1788 623 1830 ope
646 1779 888 1822 Sacerdotum‚
910 1783 966 1827 qui
1005 1782 1239 1817 nobiliffimam
1265 1781 1349 1814 hanc
1364 1806 1374 1819 ,
1399 1779 1431 1814 &
1455 1776 1585 1826 generis
1617 1772 1757 1828 humani

356 1822 527 1875 beneficio
551 1826 721 1864 divmitus
743 1828 857 1864 datam
884 1829 1080 1866 facultatem
1103 1829 1274 1865 calleant:
1305 1828 1406 1863 Plura
1426 1824 1588 1872 proponit
1614 1827 1758 1869 pietatis

358 1871 420 1922 suae
437 1881 646 1906 mofflfflessta
664 1899 673 1912 ,
701 1875 819 1921 quibus
834 1875 856 1910 fi
871 1877 1097 1912 adversarium
1111 1888 1181 1912 non
1195 1875 1323 1921 praestat
1342 1901 1351 1913 ,
1372 1886 1412 1909 eo
1424 1882 1515 1908 certe
1531 1883 1597 1921 non
1612 1868 1650 1903 sit
1664 1866 1756 1902 infe-

354 1928 446 1955 T10r3
464 1917 698 1955 Cathechesim
713 1949 722 1961 ,
749 1923 778 1957 &
794 1925 974 1959 conciones
991 1926 1210 1960 antelucanas
1227 1921 1373 1957 habuiffe
1388 1947 1397 1959 ,
1421 1930 1476 1965 per
1494 1929 1594 1965 agros
1614 1943 1624 1956 ‚
1649 1924 1755 1961 atque

357 1964 423 1998 alta
438 1976 611 2016 nemorum
639 1967 827 2013 opiliones,
855 1972 1086 2018 agricolasque
1111 1968 1282 2007 imbibisse
1297 1967 1389 2003 Fidei
1407 1965 1609 2013 praeceptis;
1633 1962 1757 2006 Popu-

360 2010 395 2044 lo
418 2011 584 2064 Universo
610 2015 789 2052 authorem
804 2017 898 2052 fuisse
916 2018 1108 2055 instituendi
1137 2018 1208 2063 pias
1228 2028 1344 2062 preces
1365 2015 1399 2049 D
1433 2011 1611 2048 Francisco
1626 2009 1757 2058 Paula—

358 2068 406 2091 no
419 2083 428 2096 ,
454 2068 491 2090 ut
509 2061 634 2095 aminis
647 2065 690 2097 ob
710 2074 937 2100 terraemotum
957 2093 967 2106 ,
992 2068 1049 2112 qui
1064 2064 1190 2102 accidit
1216 2063 1402 2110 praeteritis
1428 2060 1521 2096 annis
1536 2085 1546 2099 ³
1571 2058 1755 2107 inco-lunus

357 2103 576 2138 servaremr‘
603 2109 708 2157 1Qs‘go
731 2123 862 2156 quoque
878 2114 1104 2149 ,Sacerdotem
1124 2112 1251 2146 Bianco
1275 2112 1347 2155 post
1371 2109 1402 2143 se
1425 2109 1620 2152 relinquere
1647 2110 1757 2137 inter-

359 2149 453 2200 vallo
480 2154 653 2202 contendit
669 2181 678 2193 ‚
703 2158 793 2203 quod
823 2158 922 2195 Civis
937 2187 946 2200 ,
974 2163 1005 2197 δι
1025 2160 1138 2196 incola
1152 2159 1233 2194 Loci
1248 2157 1342 2193 illius
1368 2156 1406 2191 fit
1423 2182 1433 2195 ‚
1457 2154 1544 2200 quod
1560 2151 1600 2186 sit
1625 2150 1668 2201 de
1678 2158 1756 2194 gre-

359 2207 426 2230 rnio
443 2196 536 2231 illius
551 2199 703 2250 Ecclesia:
719 2231 728 2243 ‚
756 2205 922 2251 longoque
937 2208 1076 2242 servitio
1095 2217 1166 2241 tum
1179 2207 1218 2240 de
1232 2215 1270 2239 ea
1285 2230 1294 2242 ‚
1323 2215 1395 2238 tum
1413 2201 1455 2236 de
1470 2199 1597 2246 populo
1610 2205 1759 2244 univer-

353 2244 391 2277 io
419 2244 644 2295 benemeritus
658 2275 666 2287 ,
692 2261 768 2285 cum
784 2253 813 2286 δι
831 2251 947 2298 stipem
961 2255 1166 2300 collegerit,
1192 2252 1222 2284 &
1243 2251 1422 2297 pecuniam
1435 2248 1529 2283 suam
1542 2245 1756 2296 contulerit,

359 2302 424 2336 qu0
452 2290 581 2326 restitui
609 2296 714 2337 posset
729 2323 738 2336 ,
764 2299 794 2331 &
811 2299 844 2331 in
860 2300 1057 2345 ampliorem
1081 2300 1224 2334 formam
1246 2297 1356 2341 redigi
1381 2323 1390 2336 ,
1415 2307 1487 2341 quae
1513 2303 1627 2328 omnia
1646 2291 1757 2335 pluri-

358 2347 447 2370 mum
469 2337 643 2389 specssaflda
658 2341 733 2377 sunt
754 2345 851 2386 juxta
878 2346 1049 2381 Sacrorum
1076 2347 1256 2380 Canonum
1283 2342 1535 2387 dispositionem
1555 2366 1563 2380 ,
1590 2338 1671 2374 dum
1693 2335 1759 2370 Pa-

361 2384 487 2437 mfihusr
501 2385 588 2431 ehgl
611 2386 712 2423 debet
725 2417 734 2430 ‚
761 2400 796 2424 ut
811 2391 856 2425 est
871 2395 904 2427 in
921 2399 997 2429 Can.
1010 2395 1127 2429 nullus
1150 2393 1277 2428 invitis
1293 2390 1498 2432 distinc‘l.6i.
1515 2401 1589 2422 can.
1606 2384 1762 2427 Sam-63.

361 2429 500 2478 (fist-17²5?-
517 2442 589 2479 cap·
601 2435 721 2472 ultimo
743 2439 782 2473 de
800 2439 883 2474 fler.
902 2445 1044 2487 Peregr.

312 2474 470 2509 Crlmlna
482 2478 614 2530 demum
628 2481 670 2516 ab
684 2483 849 2530 Episcopo
865 2486 995 2528 objecta
1020 2485 1125 2521 diluit
1145 2510 1154 2523 ,
1179 2484 1210 2519 &
1226 2485 1335 2531 quoad
1350 2482 1568 2518 interversam
1581 2477 1762 2527 pecuniam

359 2519 510 2556 oblatam
530 2534 546 2555 a
566 2535 626 2568 piis
646 2529 834 2566 horninibus
851 2559 860 2570 ‚
890 2542 992 2578 atque
1028 2531 1226 2570 erogandam
1242 2534 1275 2566 in
1293 2528 1444 2566 Ecclefiae
1468 2529 1763 2575 reparationem—¹·

360 2567 477 2611 plures
501 2569 663 2618 dat-testes
678 2578 875 2613 Sacerdotes
893 2605 901 2617 ‚
927 2580 984 2625 qui
1008 2573 1110 2621 jurati
1137 2579 1300 2614 testantur
1328 2589 1403 2612 eum
1418 2601 1429 2614 ,
1454 2586 1636 2621 antequam
1650 2571 1761 2608 disce-

361 2614 479 2653 deret,
504 2624 650 2652 rationes
673 2622 844 2657 reddidisse
867 2625 963 2663 dati,
987 2627 1017 2660 &
1033 2625 1162 2671 accepti
1188 2625 1335 2671 integras
1350 2649 1361 2662 ,
1385 2625 1416 2659 ὅ(
1447 2624 1563 2669 plenas
1578 2649 1585 2655 .
1613 2621 1761 2656 frumen-

361 2669 432 2697 tum
445 2659 606 2696 collatum
620 2665 682 2701 effe
696 2668 803 2703 adhuc
816 2682 914 2715 penes
929 2672 1167 2710 Oeconomum
1178 2671 1279 2709 Cleri
1296 2698 1307 2715 ,
1334 2683 1377 2708 ne
1403 2682 1472 2706 uno
1496 2670 1633 2718 quidem
1659 2674 1765 2747 giam

1701 2722 1763 2746 ur-
