1883 2907
33 1175 147 1209 &st-25·
162 1185 232 1208 cat,
299 1207 317 1228 ‚Q
343 1167 384 1224 ἓ,
403 1182 411 1193 “·
431 1186 450 1224 λ’
469 1173 470 1176 “
509 1198 514 1206 ,

29 1217 62 1244 de
72 1215 161 1254 regul.

325 115 382 188 aiii
400 149 518 184 abdito
538 146 608 183 alio
623 171 634 185 ‚
660 142 847 190 latentique
861 167 871 181 ,
893 140 982 188 quod
1002 141 1157 178 manibus
1181 141 1353 190 oculisque
1366 154 1436 181 non
1459 143 1661 189 subjicitur,
1693 149 1753 186 im-

324 198 537 245 pedimerit03
565 195 597 230 id
622 193 728 240 ipsum
754 188 894 226 formali
912 189 1068 224 examine
1082 188 1354 229 confirmarunt;
1382 193 1516 228 acceffit
1537 193 1661 241 septem
1674 207 1754 233 con·

322 243 590 290 sanguineorum
606 242 862 276 Sacramentum
875 263 886 278 ,
911 237 943 271 &
960 235 1215 274 testificationes
1239 238 1319 274 alix
1337 240 1496 276 formales
1519 241 1663 280 duorum
1688 257 1753 280 no-

324 292 443 328 bilium
457 290 678 336 Conjugum,
704 287 762 334 qui
781 285 857 320 Viri
884 284 1160 322 imbecillitatem
1184 285 1229 320 ab
1246 285 1319 331 ipso
1345 287 1526 333 Philippo,
1553 290 1585 324 δι
1607 291 1751 329 Lavinia

320 337 546 376 resciverant:
572 335 681 379 judex
698 336 835 368 demum
859 333 1060 367 sententiam
1078 333 1181 374 tulit,
1207 345 1273 379 qua
1298 336 1488 371 declaravit
1514 336 1646 374 nullum
1672 340 1752 376 Ma-

324 386 519 423 trimonium
534 409 542 424 ‚
568 381 772 430 Appellavit
798 380 979 426 Philippus
1004 378 1049 413 ad
1071 380 1134 415 hoc
1150 383 1289 417 Sacrum
1303 381 1502 426 Tribunal,
1519 385 1674 429 >nondum
1699 397 1752 424 ta-

323 447 401 473 men
419 434 519 469 nobis
541 433 674 474 jurium
697 428 829 463 suorum
851 426 1012 461 libellum
1038 427 1132 477 dedit
1157 453 1168 467 ,
1193 430 1281 474 quod
1304 429 1428 466 facium
1455 429 1521 467 fuit
1539 443 1559 468 a
1578 432 1752 480 Lavinia,

323 495 342 518 e
367 483 462 525 cujus
489 480 610 514 libello
633 478 703 513 haec
721 474 917 520 excepimus
936 499 944 507 .
970 473 1069 521 Qid
1090 475 1222 510 consilii
1240 477 1439 523 capiendum
1461 478 1522 520 fit,
1545 480 1682 516 videant
1696 494 1751 526 ea,

324 542 391 576 qua
410 527 564 581 praestant
579 550 590 565 ,
615 524 794 572 prudentia
809 548 819 563 ‚
845 521 1050 568 Amplissimi
1078 521 1198 560 Patres
1222 550 1234 565 ,
1255 535 1273 558 a
1298 524 1421 571 quibus
1439 526 1688 574 expediendum
1703 532 1752 569 est

325 577 480 613 Dubium
499 599 508 608 .

279 630 338 662 An
351 626 396 669 fit
423 625 517 659 locas
543 620 750 667 diffolntioni
765 620 985 654 Matrimonii
1011 620 1046 654 in
1063 620 1140 664 casu
1155 624 1229 658 &a

375 670 445 707 Effe
469 669 584 706 locum
604 665 860 702 cohabitationi
880 663 1066 702 Triennali
1080 692 1092 707 ,
1117 667 1150 702 &
1175 666 1321 715 amplius
1337 695 1346 704 .

434 810 556 877 Die
576 803 858 875 Sabbathi
891 809 991 890 171
1007 805 1372 892 Septembris
1399 812 1582 891 1746.

469 1150 486 1171 ''
596 1161 916 1200 voRMATissN.
943 1159 1356 1203 JURISDICTIONis:
1380 1165 1419 1200 in
1442 1165 1561 1202 uitima
1578 1165 1753 1213 Ampiiffi-

331 1231 336 1233 ἡ
426 1232 429 1235 -
553 1216 554 1219 ’
608 1213 653 1246 mi
681 1210 821 1246 Ordinis
849 1214 1110 1256 Congregatione
1143 1210 1258 1245 habita
1282 1215 1335 1248 die
1365 1222 1420 1253 27.
1444 1216 1597 1250 transaCti
1623 1213 1752 1250 Mensis

325 1267 474 1307 Aagnjti
490 1260 616 1307 placuit
633 1256 911 1293 Eminentiffimis
926 1255 1086 1292 Patribus
1108 1255 1143 1291 in
1170 1258 1235 1293 hac
1247 1258 1359 1293 Causa
1379 1260 1568 1296 rescribere
1586 1280 1626 1288 --
1650 1263 1755 1296 Dila-

324 1316 388 1346 ta,
413 1311 457 1344 «ξφ
477 1315 692 1356 proponatur
714 1307 846 1342 omm'no
871 1307 906 1341 in
932 1307 1054 1340 ‘Prima
1079 1323 1119 1330 --
1139 1303 1339 1352 Proponitur
1364 1318 1455 1344 nunc
1483 1310 1626 1355 itaque,
1649 1309 1684 1344 δε
1710 1308 1752 1344 ad

323 1365 398 1389 eam
412 1355 659 1401 expediendam
681 1352 824 1400 ejusdem
851 1354 1129 1401 Congregationis
1155 1355 1286 1390 Folium
1309 1355 1432 1392 iterum
1452 1356 1631 1393 consulere
1656 1365 1754 1403 pote-

327 1411 407 1436 runt
425 1428 434 1440 .
456 1403 585 1438 ,Dubia
608 1402 711 1440 sunt,
736 1411 809 1446 quae
834 1398 1051 1440 subjicimus.
1094 1445 1102 1451 .

279 1453 303 1484 Ι.
331 1449 387 1485 An
404 1449 451 1484 {it'
466 1449 637 1488 standum,
664 1448 721 1484 vel
747 1446 968 1482 recedendum
989 1457 1009 1480 a
1029 1445 1143 1483 decifis
1164 1446 1222 1483 sub
1245 1449 1299 1485 die
1322 1462 1358 1493 9.
1379 1450 1465 1492 Julii
1485 1451 1566 1487 anni
1583 1449 1752 1487 currentis

377 1498 503 1539 1746..²
529 1507 572 1534 et
597 1506 766 1545 qnatenus
789 1495 994 1539 affirmative
1018 1497 1061 1529 ad
1077 1498 1230 1543 primam
1250 1507 1413 1545 partem.

273 1548 320 1579 -IL
345 1543 404 1580 An
419 1545 528 1591 posita
552 1545 719 1581 facultate
743 1552 804 1588 per
817 1540 1110 1577 Constitutionem
1126 1540 1380 1590 Gregorianam
1397 1545 1575 1594 Episcopis
1590 1544 1747 1583 concessa

372 1592 610 1633 intereffendi,
635 1593 665 1627 &
687 1589 880 1637 praesidendi
904 1589 1134 1624 Eleoionibus
1162 1591 1413 1628 Abbatiffarum
1441 1606 1497 1640 per
1529 1595 1581 1634 se,
1608 1594 1662 1629 vel
1692 1603 1753 1640 per

373 1651 432 1686 per
455 1641 583 1681 alium,
609 1639 711 1675 liceat
724 1635 995 1672 Eminentiffimo
1012 1637 1199 1672 Ordinatio
1227 1640 1476 1676 Vvormatienst
1505 1640 1662 1680 interesse
1681 1667 1692 1681 ,
1717 1641 1752 1676 &

371 1686 548 1731 praesidere
574 1699 638 1736 per
663 1687 774 1732 plures
787 1682 1049 1735 Commiiiarios
1066 1685 1106 1718 ab
1122 1685 1196 1732 ipso
1211 1689 1389 1734 deputatos
1404 1689 1419 1723 .²

280 1735 340 1766 HI.
365 1735 425 1768 An
444 1735 484 1769 ad
499 1737 607 1770 actum
631 1733 810 1770 electionis
828 1732 1109 1767 conscribendum
1136 1735 1269 1770 admitti
1297 1737 1400 1771 etiam
1418 1737 1540 1774 debeat
1555 1736 1726 1772 Notarius
1740 1761 1752 1776 ,

373 1781 431 1815 vel
455 1780 703 1818 cancellarius*
717 1778 829 1816 Curiae
854 1779 1060 1825 Episcopalis
1074 1779 1341 1822 Vvormatien.,
1366 1782 1422 1819 seu
1448 1785 1566 1831 potius
1581 1784 1618 1820 P.
1634 1782 1754 1818 Secre-

374 1829 478 1864 tarius
493 1831 635 1866 Abbatis
648 1827 831 1875 Regularis
856 1835 994 1861 tantum
1009 1855 1017 1863 .

281 1879 340 1908 IV.
365 1876 423 1910 An
441 1879 614 1924 completa
629 1878 809 1912 Canonica
839 1875 1023 1914 eiecnone,
1050 1874 1150 1910 liceat
1172 1874 1282 1912 eidem
1300 1877 1572 1914 Eminentifl'tmo
1595 1876 1749 1913 Ordina-

373 1922 425 1958 rio
438 1949 447 1962 ,
473 1926 529 1958 vei
546 1926 616 1966 eius
634 1922 873 1969 Vicesgerenti
888 1923 1098 1958 neoeieetam
1115 1922 1286 1959 installare
1304 1951 1315 1964 ,
1340 1926 1440 1972 eique
1456 1925 1686 1973 poss'effionem
1699 1923 1750 1959 di-

372 1970 513 2017 gnitatis
525 1997 535 2010 ,
560 1973 591 2006 ἃ
608 1972 711 2007 officii
726 1970 920 2006 Abbatialis
942 1971 1074 2005 tradere
1090 1969 1105 2004 ‚²

282 2023 321 2053 V.
346 2019 406 2052 An
431 2018 491 2065 ipsi
507 2019 774 2055 Eminentiflimo
797 2018 991 2054 Ordinatio
1014 2027 1184 2065 competat
1209 2018 1264 2060 Jus
1289 2020 1481 2056 Abbatiffas
1508 2020 1629 2054 eleaas
1658 2029 1748 2054 con-

374 2065 559 2102 firmandi.z

283 2114 342 2146 VI.
364 2112 424 2146 An
449 2113 561 2148 eidem
576 2114 845 2151 Eminentiffimo
867 2112 1054 2149 Ordinatio
1078 2110 1136 2154 jus
1158 2122 1334 2160 competat
1362 2113 1591 2149 denunciandi
1605 2140 1616 2154 ,
1642 2114 1674 2149 δι
1695 2112 1751 2147 de·-

377 2160 585 2197 terminandi
609 2163 703 2199 diem
728 2161 905 2200 electionis
924 2160 1087 2198 faciendae
1103 2187 1113 2200 ‚
1138 2161 1198 2198 seu>
1218 2161 1335 2208 potius
1362 2161 1440 2198 Rev
1464 2160 1654 2197 rendisiimo
1682 2161 1752 2194 Ab·

375 2205 444 2239 bati
462 2207 706 2245 Eberbacens13
733 2216 775 2249 Θ
790 2220 959 2259 quatenus
975 2211 1139 2256 negative
1158 2211 1269 2258 quoad
1283 2173 1464 2256 primam‘,
1483 2213 1527 2246 (φ
1545 2209 1750 2252 affirmative

377 2256 487 2298 quoad
503 2258 681 2299 secundam
705 2268 865 2305 partem·

284 2304 357 2335 VII.
384 2301 443 2334 An
469 2302 580 2348 elapsa
601 2303 657 2339 die
684 2305 852 2351 praefinita
869 2333 879 2346 ,
905 2306 936 2340 &
953 2305 1088 2341 nemine
1113 2316 1156 2339 ex
1177 2313 1272 2352 parte
1288 2301 1556 2337 Eminentissimi
1573 2299 1752 2336 Ordinarii

374 2359 588 2396 comparente
602 2378 612 2391 ,
639 2350 743 2387 liceat
767 2351 1068 2388 Reverendissimo
1096 2351 1223 2387 Abbati
1243 2349 1462 2386 Eberbacenfi
1484 2349 1526 2384 ad
1548 2349 1754 2384 electionem

373 2400 552 2442 procedere
571 2399 606 2433 in
620 2399 697 2434 casu
712 2400 775 2433 &c.

284 2446 375 2478 VIII.
403 2446 462 2481 An
478 2446 547 2491 post
563 2455 711 2482 mortem
730 2445 900 2482 abbatiffae
927 2445 1031 2482 liceat
1045 2445 1352 2481 Reverendissimo
1365 2442 1555 2480 Ordinario
1567 2442 1728 2478 claudere
1743 2467 1754 2481 ,

374 2493 578 2539 proprioque
601 2494 713 2540 sigillo
735 2492 905 2539 obfignare
931 2492 1085 2528 cubicula
1110 2492 1294 2528 abbatialia
1311 2518 1322 2533 ,
1347 2501 1448 2539 atque
1476 2490 1520 2526 de
1537 2490 1753 2526 substantia...

378 2538 575 2575 Monasterii
592 2541 829 2578 inventarium
852 2540 1021 2576 conficere
1043 2542 1078 2576 in
1091 2540 1168 2576 casu
1181 2541 1246 2575 διε.

379 2585 438 2619 Ad
456 2587 476 2621 l.
495 2589 532 2622 ll.
550 2589 602 2625 lll.
619 2590 676 2625 lV.
691 2617 700 2630 ‚
726 2589 773 2623 V.
789 2589 822 2622 ln
838 2588 970 2624 Decifis
983 2589 1017 2623 3<
1033 2588 1198 2635 amplius.
1214 2589 1267 2624 Ad
1281 2587 1342 2623 Vl.
1356 2613 1366 2628 ‚
1391 2587 1423 2621 δι
1441 2586 1514 2622 Vll.
1530 2585 1574 2622 ad
1592 2592 1752 2622 mentem.

284 2633 337 2668 Ad
362 2632 399 2668 il.
416 2634 610 2680 Negative.
637 2637 693 2671 Ad
716 2635 768 2670 lll.
786 2636 958 2682 Negative
983 2636 1090 2681 quo-ad
1114 2636 1256 2681 primam
1280 2644 1436 2680 partem.
1465 2633 1689 2669 Affirmative
1712 2630 1752 2666 ad

284 2681 460 2716 secundam
477 2706 485 2715 .
511 2683 565 2716 Ad
579 2683 640 2718 iv.
653 2710 663 2722 ,
684 2684 718 2716 &
734 2684 776 2717 V.
794 2684 968 2729 Negative
987 2710 995 2717 .
1021 2683 1078 2718 Ad
1105 2682 1165 2718 vi.
1184 2682 1359 2728 Negative
1380 2682 1419 2716 ad
1445 2682 1589 2728 primam
1606 2686 1756 2728 partem.

285 2728 504 2764 Affirmative
518 2728 557 2763 ad
571 2730 750 2764 secundam
764 2753 772 2762 .
802 2731 857 2764 Ad
879 2728 948 2765 Vll.
964 2729 1185 2764 Affirmative
1197 2755 1207 2769 ,
1231 2729 1271 2765 ad
1287 2729 1374 2765 Viii.
1392 2729 1567 2776 Negative
1581 2754 1591 2764 .
1661 2773 1731 2807 ΚΟ
