1883 2907
90 158 94 161 ,
115 155 123 166 ,
359 90 400 129 ⁵6
412 124 595 164 ΟΜΛΝΑ
620 118 823 158 SUBSIDII
849 119 1069 158 DOTALIS
1094 135 1100 155 :
1128 121 1284 172 Expressa
1311 121 1379 158 fuit
1403 123 1439 159 in
1469 125 1563 163 Folio
1590 128 1782 172 congregav-

74 158 196 192 ⁴‘²‘''²⁵'‘
216 164 232 184 ‘
246 164 278 191 ⁴⁰
312 139 397 226 R
422 175 529 209 tionis
548 171 669 206 habita:
694 172 748 206 die
768 178 821 205 ια.
836 171 963 204 Martii
979 171 1079 213 hujus
1099 180 1179 204 anni
1193 169 1374 215 postulatio
1386 170 1507 208 Maria:
1520 171 1659 209 Attiliae
1673 170 1779 208 Fran-

230 212 239 223 ⁶
352 223 445 259 cisca:
462 219 668 261 Pannoniae,
692 229 761 264 qua
786 216 921 262 petebat
936 217 1048 253 dotem
1062 243 1072 258 ,
1100 216 1261 263 impensas
1283 217 1490 264 Parapherni
1507 244 1518 258 ,
1541 221 1572 256 &
1596 230 1777 257 annuam...

351 267 603 318 praestationem
629 278 648 300 e
675 263 858 300 substantia
880 265 1054 300 Advocati
1079 263 1221 301 Masetti
1236 290 1247 304 ,
1269 274 1307 302 ut
1330 262 1542 302 Monaste'rio
1565 268 1600 304 S.
1623 266 1776 304 Silvestri

356 316 461 353 Urbis
475 326 597 351 nomen
610 313 692 349 dare
708 310 833 358 poss'et.
859 309 1033 355 Proposita
1059 311 1126 348 fuit
1141 312 1252 348 Causa
1279 313 1315 348 in
1332 313 1596 361 congregatione
1619 314 1775 351 habita..

352 367 405 402 die
420 369 477 399 26.
493 363 644 407 ejusdem
662 358 779 395 meniis
794 371 804 391 ε
829 358 916 393 Duo
928 367 1024 393 erant
1038 359 1156 395 Dubia
1169 379 1187 386 —
1208 365 1233 395 Ι.
1251 361 1307 396 An
1325 361 1357 396 &
1383 361 1550 408 quomodo
1574 360 1752 397 subsidium
1764 388 1776 401 ,

353 412 408 448 seu
421 410 705 458 assignamentum
719 405 876 441 relietum
899 415 920 438 a
945 405 1136 443 hommem.
1163 406 1309 453 josepho
1327 407 1467 444 Masetti
1493 419 1554 454 pro
1577 407 1776 456 Virginibus

349 458 528 494 educandis
549 456 587 491 sit
605 454 847 500 applicandum
863 462 924 496 pro
939 454 1016 488 dote
1030 454 1199 500 spirituali
1221 454 1271 489 D.
1285 456 1404 491 Mariae
1419 456 1555 492 Attiliae
1579 454 1720 492 Paluzzi
1737 456 1775 492 in

349 504 426 541 casu
439 506 501 540 ὅτε.
527 509 569 538 II.
584 504 641 536 An
655 500 822 535 debeatur
836 499 1046 535 Acconcium
1059 526 1070 540 ,
1091 502 1122 536 δι
1138 500 1313 537 Livellum
1339 501 1376 537 in
1401 503 1478 538 casu
1493 503 1773 540 monachationis

350 551 494 594 ejusdem
508 551 523 586 ,ἰ
550 549 800 596 Responderunt
813 549 1067 597 eminenttfflmi
1080 555 1209 586 'Patres
1224 562 1232 582 :
1254 547 1311 584 Ad
1327 553 1352 583 I.
1364 549 1567 586 affirmative
1581 551 1678 594 iuxta
1698 552 1774 586 Vo-

347 610 421 635 tum
438 593 702 634 Eminentissimi
721 593 877 628 Vicani:
903 594 959 629 Ad
977 600 1018 629 II.
1031 595 1191 643 negative
1207 623 1217 637 ‚
1244 596 1276 631 &
1292 596 1438 642 amplius
1457 621 1468 633 .
1494 598 1546 632 At
1559 608 1637 633 cum
1652 597 1768 634 Meria

347 646 478 682 Attilia
493 655 561 680 non
575 641 680 689 posset
693 639 1009 692 sine-Parapherno,
1033 652 1134 691 atque
1157 655 1268 679 annua
1281 643 1509 691 'praestatione
1524 643 1769 680 Monasserium

345 694 476 739 ingredi
493 718 503 730 ,
526 700 641 737 preces
656 688 786 723 obtulit
799 687 1013 739 Sandissimo
1025 690 1182 737 Principi
1195 689 1323 726 Nostro
1336 715 1346 730 ,
1369 703 1388 727 a
1407 703 1474 737 quo
1497 700 1677 738 utrumque
1699 691 1767 726 im-

346 740 518 786 pertavit.
541 737 634 772 Cum
646 735 717 771 haec
731 745 846 770 omma
863 736 1033 772 resciverit
1045 737 1206 774 Silvester
1220 738 1386 780 Postumi,
1411 740 1507 781 cujus
1522 738 1618 775 Filiae
1632 739 1668 774 in
1690 739 1763 785 pari

343 783 644 833 consanguinitatis
654 784 757 830 gradu
772 782 849 816 sunt
864 808 875 822 ‚
900 795 940 818 ac
953 783 1130 822 Testatori
1154 795 1227 822 erat
1241 786 1353 822 Maria
1367 787 1497 822 Attilia
1513 786 1673 822 Paluzzia
1684 811 1695 826 ,
1718 784 1765 820 li-

344 833 473 869 bellum
494 832 623 869 obtulit
638 831 778 865 Summo
789 829 951 866 Pontifici
967 858 977 872 ,
996 843 1066 877 quo
1086 834 1245 869 narrabat
1266 831 1347 869 falsa
1369 832 1581 881 suggestione
1605 833 1761 870 Mariam

343 881 510 917 Attiliam
525 877 718 927 impetrasse
730 878 868 917 dotem,
895 879 1171 927 Paraphernum‚
1198 891 1346 916 annuam
1369 881 1643 929 praestationem;
1668 881 1766 918 Data

345 927 462 975 itaque
488 928 555 964 fuit
572 929 614 962 ab
629 926 772 973 Optimo
785 924 944 970 Principe
958 926 1069 963 omnis
1095 926 1233 970 hujusce
1251 929 1301 963 rei
1321 927 1474 974 cognitio
1500 939 1592 964 nova
1607 927 1764 963 Eminen-

342 976 480 1012 tissimis
501 974 684 1014 Patribus,
708 972 767 1019 qui
786 997 797 1012 ,
823 971 1002 1020 perspectis
1026 974 1159 1017 Juribus
1183 974 1349 1012 Filiarum
1371 974 1540 1017 Postumi,
1567 975 1763 1023 respondere

369 1031 509 1060 oterunt
521 1050 529 1059 .

295 1036 365 1108 ,ΑΞ
371 1071 418 1115 fit
426 1070 582 1112 standum
595 1095 606 1110 ,
632 1069 693 1105 vel
705 1069 923 1107 recedendum
939 1080 960 1103 a
984 1068 1099 1112 decisis
1121 1073 1155 1106 in
1174 1071 1250 1116 casu
1267 1073 1342 1108 &c-

385 1169 535 1210 Dilata,
559 1168 593 1204 &
620 1168 662 1203 ad
684 1176 833 1205 mentem
851 1195 859 1203 .

396 1303 719 1342 VORMATIEN.
741 1301 1138 1348 JURISDICTIONIS
1153 1329 1165 1340 .
1187 1302 1300 1340 Causa
1324 1303 1396 1340 haec
1415 1302 1534 1340 frustra
1558 1315 1686 1341 novam
1705 1304 1757 1341 di-

378 1364 381 1365 ’
412 1352 576 1389 lationem
588 1352 780 1400 postulante
792 1352 933 1388 Abbate
944 1351 1162 1388 Eberbacenfi
1177 1377 1188 1391 ,
1203 1353 1368 1398 proposita
1383 1377 1394 1391 ,
1418 1352 1451 1387 δι
1478 1352 1621 1389 definita
1637 1350 1702 1388 fuit
1721 1353 1757 1389 in

336 1401 601 1448 congregatione
621 1401 743 1436 habita
768 1403 822 1437 die
841 1412 875 1446 9.
893 1400 1048 1436 transac'ti
1066 1399 1181 1450 mensis
1211 1401 1310 1445 ‘julii
1322 1425 1331 1434 .
1354 1398 1605 1437 Controverfiae
1630 1399 1757 1446 Capita

333 1448 419 1484 vu.
433 1457 534 1484 erant
547 1473 556 1483 .
583 1454 608 1484 Ι.
622 1450 681 1485 An
695 1447 984 1484 Eminentissimus
997 1447 1198 1483 Ordinanus
1220 1446 1490 1483 Vvormatienfis
1504 1475 1515 1489 ,
1538 1448 1594 1483 seu
1609 1445 1756 1488 ejusdem

332 1494 530 1532 vicariatus
544 1496 650 1543 possit
663 1496 818 1533 inhibere
831 1493 1062 1542 Regularibus
1075 1493 1241 1531 Abbatiae
1258 1494 1500 1530 Eberbacenfis
1518 1494 1662 1530 Ordinis
1689 1494 1752 1530 Ci-

330 1541 511 1579 stercienfis
524 1569 535 1583 ‚
559 1556 602 1579 ne
626 1544 695 1580 fine
707 1543 836 1590 praevia
858 1543 932 1586 ejus
950 1542 1195 1591 approbatione
1217 1541 1394 1587 excipiant
1413 1541 1651 1578 confessiones
1673 1540 1757 1577 Mo-

331 1590 476 1626 nialium
487 1590 688 1629 Monasterii
703 1591 1019 1629 Marica-Munster
1042 1590 1190 1634 ejusdem
1203 1588 1346 1625 Ordinis
1360 1588 1376 1624 ,²
1401 1594 1444 1625 II.
1469 1590 1529 1625 An
1544 1588 1753 1625 Eminentis-

330 1637 416 1674 simo
427 1638 614 1675 Ordinatio
627 1648 799 1686 competat
815 1640 832 1681 J
837 1650 873 1674 us
893 1636 1109 1687 interess'endi
1126 1665 1137 1679 ,
1163 1639 1195 1674 &
1221 1636 1418 1684 praesidendi
1432 1636 1659 1674 electionibus
1674 1636 1752 1671 Ab·

328 1685 526 1721 batiss‘arum
538 1686 615 1722 dicti
632 1686 832 1723 Monasterii
846 1686 861 1722 3
885 1693 946 1722 HI.
960 1689 1017 1724 An
1031 1688 1133 1723 liceat
1148 1684 1422 1722 Eminentissimo
1433 1684 1620 1721 Ordinatio
1632 1692 1747 1730 petere

325 1734 479 1768 rationes
491 1732 789 1770 administrationis
809 1735 978 1771 bonorum
1000 1734 1167 1782 ipsiusmet
1192 1732 1392 1768 Monasterii
1406 1732 1423 1767 ,ἶ
1447 1738 1504 1768 IV.
1521 1733 1578 1767 An
1600 1731 1750 1768 eidem.»

324 1779 599 1816 Eminentissimo
621 1782 805 1817 Ordinatio
824 1791 998 1828 competat
1021 1783 1079 1824 Jus
1095 1780 1294 1826 explorandi
1316 1781 1536 1816 voluntatem
1552 1779 1749 1815 Puellarum

324 1827 611 1864 admittendarum
637 1838 706 1864 tam
719 1831 759 1864 ad
772 1828 965 1870 Habitum,
989 1840 1092 1876 quam
1115 1829 1155 1863 ad
1178 1827 1434 1864 Professionem
1459 1828 1495 1861 in
1519 1826 1605 1862 dicto
1626 1826 1751 1861 Mona-

322 1872 424 1909 sterio
447 1873 463 1909 ‚²
488 1880 531 1913 &v
558 1886 729 1923 quatenus
753 1876 958 1921 affirmative
980 1904 988 1913 .
1028 1883 1069 1913 V.
1091 1877 1150 1911 An
1174 1874 1346 1910 occaflone
1366 1874 1460 1910 distae
1483 1871 1722 1909 Interess‘entiae
1736 1899 1748 1913 ,

321 1919 544 1957 Redditionis
572 1923 737 1964 rationis,
762 1924 794 1958 &
816 1923 1064 1968 explorationIs·
1091 1933 1249 1958 teneatur
1268 1921 1511 1957 Monasterium
1535 1921 1574 1955 ad
1592 1921 1743 1966 aliquam

320 1968 499 2013 expensam
522 1980 586 2015 pro
610 1970 779 2005 Ministris
791 1969 907 2005 curiae
930 1970 1140 2016 Episcopalis
1156 1970 1391 2008 wormatiae,
1418 1967 1486 2002 five
1509 1979 1553 2003 ex
1572 1978 1734 2014 quocum-

321 2025 385 2059 que
407 2016 476 2051 alio
495 2015 627 2052 titulo3
652 2023 710 2054 VI.
724 2017 784 2053 An
803 2017 931 2063 praefati
943 2018 1136 2064 Regulares
1154 2041 1167 2056 ,
1184 2018 1215 2052 &
1241 2016 1416 2051 Moniales
1440 2016 1514 2062 cogi
1539 2016 1662 2062 possint
1677 2024 1738 2060 per

318 2060 456 2097 mulctas
473 2064 686 2108 pecuniarias
700 2063 736 2100 in
748 2064 886 2100 Casibus
898 2065 1063 2110 praedietis
1077 2063 1091 2100 3
1118 2069 1192 2099 VH.
1206 2064 1264 2099 An
1279 2063 1372 2098 licita
1388 2061 1493 2098 fuerit
1505 2062 1640 2098 exactio
1655 2072 1740 2097 cen-

320 2108 649 2159 tumtlmperialium
661 2111 748 2148 facta
758 2124 777 2147 a
791 2111 1082 2149 Reverendissimo
1099 2111 1282 2147 vicariatu
1295 2109 1554 2147 Vvormatienst
1567 2136 1578 2150 ,
1595 2110 1653 2145 seu
1672 2120 1733 2157 po-

320 2162 391 2189 tius
404 2163 564 2205 teneatur
576 2160 701 2196 dissam
723 2158 890 2195 summam
910 2160 1118 2196 Monasterio
1134 2157 1446 2196 Marien-Munster
1472 2157 1672 2197 restituere,
1702 2157 1740 2192 δι’

315 2202 462 2238 omniad
487 2216 562 2242 mna
585 2206 724 2243 reficere
746 2208 780 2243 in
801 2206 878 2243 casu
891 2209 953 2244 &c.
980 2207 1174 2257 Responsum
1195 2208 1359 2244 dederunt
1384 2205 1638 2249 Eminentiffimi
1667 2209 1741 2237 Ῥα-

318 2257 391 2284 tres
407 2215 497 2295 εᾸΛἋ
510 2257 534 2287 Ι.
549 2259 592 2288 ΙΙ,
605 2259 687 2295 ΙΙΙ..
709 2256 742 2290 ὅ(
757 2261 815 2295 IV.
833 2254 1056 2291 affirmative.
1083 2255 1137 2290 Ad
1156 2261 1197 2291 V.
1218 2252 1398 2298 negative.
1427 2251 1485 2286 Ad
1513 2256 1570 2287 VI.
1590 2248 1740 2286 affirma-

55 1311 258 1350 &estant-²².

50 1353 84 1382 de
98 1363 158 1393 reg·

317 2296 391 2331 tive
404 2322 414 2341 ‚
430 2297 486 2333 Ad
506 2305 581 2336 VII.
601 2301 813 2337 affirmative·
827 2303 870 2338 ad
888 2305 1031 2349 primam
1044 2313 1176 2349 partem
1192 2329 1202 2342 ‚
1228 2302 1259 2335 δι
1280 2298 1441 2345 negative
1466 2297 1510 2334 ad
1532 2297 1710 2333 secundam
1727 2322 1738 2333 .

316 2341 394 2379 Post
412 2345 482 2381 haec
495 2347 614 2382 Abbas
630 2348 859 2385 Eberbaeenfis
874 2362 942 2385 non
955 2350 1062 2386 solum
1081 2348 1193 2385 audiri
1219 2345 1403 2394 postulavit
1419 2371 1429 2386 ,
1453 2345 1506 2380 sed
1526 2356 1616 2380 nova
1632 2345 1737 2380 etiam

316 2389 436 2440 Dubia
450 2393 650 2440 disputanda
674 2395 867 2442 proposuit;
895 2399 1051 2443 Augetur
1069 2399 1184 2442 itaque
1204 2404 1295 2429 nune
1321 2405 1407 2429 onus
1425 2391 1658 2439 Amplissimis
1677 2390 1739 2427 Pa-

316 2438 425 2473 tribus
442 2441 637 2477 accessione
655 2442 800 2478 aliorum
816 2443 979 2489 Capitum
995 2469 1005 2485 ‚
1021 2455 1093 2489 quae
1119 2444 1177 2478 hic
1203 2439 1427 2483 subjiciuntur
1438 2463 1448 2473 .

272 2480 300 2518 1.
326 2483 384 2518 An
398 2484 437 2519 fit
453 2485 626 2529 standum,
644 2490 698 2525 vel
717 2491 939 2526 recedendum
961 2490 1109 2527 adecifis
1135 2489 1197 2525 sub
1219 2488 1273 2524 die
1295 2499 1327 2530 9.
1341 2486 1434 2534 Julii
1457 2487 1541 2523 anni
1568 2486 1736 2523 currentis

370 2537 466 2571 ¹746·
488 2533 503 2567 -ἶ
528 2539 572 2572 &⁹
587 2546 756 2583 quatenus
783 2538 988 2582 affirmative
1011 2541 1053 2573 ad
1069 2541 1221 2585 primam
1238 2544 1376 2583 partem
1391 2559 1401 2569 -

270 2575 319 2612 11.
344 2577 401 2628 An
426 2578 527 2622 posita
550 2580 712 2618 facultate
732 2596 789 2630 per
803 2584 1097 2621 constitutionem
1108 2583 1360 2631 Gregorianam
1375 2581 1548 2629 Episcopis
1571 2579 1728 2618 concess'a

365 2625 577 2664 interessendi
592 2655 602 2670 ,
621 2630 653 2665 δι
682 2631 874 2677 praefidendi
896 2632 1124 2670 Electionibus
1147 2627 1404 2669 Abbatiffarum
1428 2639 1487 2675 per
1507 2629 1560 2671 se,
1585 2630 1643 2665 vel
1677 2637 1738 2673 per

1598 2675 1704 2711 alium
1725 2699 1736 2713 2
1788 2712 1791 2714 .
