1883 2907
391 93 526 166 {imatos
547 121 767 170 quindecim,
789 120 925 168 ejusque
945 122 1104 168 exemplo
1127 121 1308 174 Episcopus
1323 133 1343 158 e
1362 121 1493 174 iuribus
1513 122 1698 179 funerum,-
1715 136 1789 174 quae

393 175 430 209 ad
445 185 520 207 eum
538 169 732 217 pertinent,
758 170 924 214 separavit
946 170 1071 204 obulos
1083 181 1230 218 qumque
1244 195 1254 209 ,
1279 182 1360 218 quos
1380 170 1494 208 eidem
1520 171 1699 219 Dignitau
1715 176 1786 209 eri-

387 221 498 269 gendae
511 218 697 266 adsignavit
714 231 722 250 ε
749 217 839 251 Hauc
865 227 925 252 una
949 226 1080 252 tantum
1102 216 1283 262 d1sputatio
1296 217 1341 253 est
1355 217 1398 254 de
1411 217 1582 256 erestione
1604 221 1786 259 Thesaura-

389 279 509 307 natus,
535 277 635 313 quam
654 263 837 311 capitulum
863 263 912 299 his
932 263 1139 307 potissimum
1161 266 1350 300 rationibus
1379 266 1574 312 impugnat.

341 318 455 358 Prima
476 315 521 350 est
544 323 678 347 tenuem
696 311 795 350 nimis
812 309 877 344 effe
892 309 980 346 dotis
995 313 1222 356 quantitatem
1237 339 1247 353 ,
1270 325 1342 358 qua:
1358 312 1517 349 summam
1530 313 1636 350 efficit
1651 326 1788 355 annuo-

389 375 461 398 rum
487 364 685 396 ducatorum
712 357 959 403 undeviginti,
986 359 1043 403 qui
1071 358 1214 403 impares
1229 361 1369 396 omnino
1390 359 1789 401 suntoneribusaThe—

388 412 534 445 saut-arlo
547 406 688 442 ferendis
702 432 711 445 ,
733 416 809 439 cum
833 406 868 438 in
882 404 1041 439 Civitate
1068 405 1220 443 Puteolis
1236 407 1385 449 Neapoli
1410 409 1560 453 proxima
1584 410 1788 449 melioribus

387 456 535 491 vestibus
559 455 708 488 incedere
737 450 887 488 debeant
910 451 1088 487 Canonici
1114 481 1125 495 ,
1151 454 1207 500 qui
1234 453 1386 500 insigniis
1412 466 1532 502 cappae
1564 467 1691 506 magnae
1716 484 1726 499 ,
1751 460 1787 496 ὁ(

386 501 571 539 Rocchctti
596 508 735 538 utuntur
759 527 768 540 ‚
798 499 961 537 facultate
988 499 1105 536 habita
1128 512 1217 536 anno
1241 511 1337 550 1702.
1370 502 1414 536 ab
1427 503 1628 548 amplissimo
1641 505 1729 545 S.R.
1746 505 1785 543 Ε.

387 551 559 585 Cardinali
577 546 792 585 Barbetium,
818 547 900 582 dum
925 547 964 581 ad
978 548 1223 589 Sereniffimum
1237 549 1369 596 Regem
1388 548 1581 595 Philippum
1595 551 1639 587 V.
1656 551 1785 591 Sanctae

385 598 479 635 Sedis
510 595 717 642 Apostolicae
744 593 863 641 Legati
893 605 911 629 a
943 595 1048 630 latere
1060 607 1180 632 munus
1197 597 1328 632 obiret.
1360 597 1505 632 Accedit
1532 597 1644 633 Frauti
1672 599 1788 639 Patri—

383 645 539 681 monium
565 654 628 678 aere
648 642 764 676 alieno
789 640 929 687 preffum
952 641 1040 682 esse,
1065 653 1104 678 ut
1126 643 1268 681 difficile
1289 643 1441 680 futurum
1456 643 1495 679 sit
1514 643 1674 680 summam
1687 648 1791 683 duca-

384 701 496 727 torum
509 704 521 726 1
533 701 559 730 ς.
582 689 680 724 educi
705 700 747 729 ex
761 700 801 723 eo
814 688 922 728 libere
935 688 1050 736 poffe;
1064 702 1106 730 ne
1117 690 1221 737 igitur
1234 691 1412 738 dignitatis
1427 691 1556 729 erectio
1573 692 1608 727 in
1621 692 1786 737 dedecus,

384 750 481 784 quam
509 739 542 771 in
556 746 771 783 augmentum
787 736 890 772 cedat
912 735 1024 774 divini
1041 739 1154 775 cultus
1167 762 1178 777 ,
1196 738 1366 785 optimum
1387 736 1450 777 esse
1463 749 1537 776 eam
1555 751 1626 774 non
1641 741 1788 786 probare

383 786 443 820 etii
471 785 506 820 in
518 788 632 821 eadem
646 783 794 821 Ecclefia
820 784 893 819 aliae
919 783 983 819 smt
1009 785 1234 832 Dignitates‚
1263 797 1335 833 quae
1359 796 1510 832 congrua
1536 786 1618 822 dote
1641 798 1786 829 carent,
1814 785 1822 788 ”

384 844 461 869 cum
487 844 574 868 nunc
599 842 721 877 agatur
733 843 800 866 non
813 830 856 869 de
869 833 980 867 erecta
993 859 1004 872 ‚
1029 832 1084 871 sed
1107 833 1152 868 de
1164 832 1321 879 erigenda
1334 831 1519 881 Dignitate
1529 859 1540 873 ,
1566 833 1708 882 ideoque
1719 847 1790 873 non

384 880 549 931 exemplis
566 906 575 919 ‚
601 879 653 914 sed
667 881 754 915 recta
769 879 850 921 iuris
863 877 1005 914 censura
1019 891 1072 915 res
1085 879 1228 922 judicari
1253 879 1373 914 debeat
1383 907 1391 916 .
1410 881 1532 916 Aztera
1546 883 1639 917 ratio
1657 882 1704 917 est
1716 883 1789 918 Ca-

385 928 527 963 nonicos
542 953 552 967 ,
575 926 721 972 aliosque
736 925 893 962 Ecclesiae
907 925 1078 962 ministros
1099 928 1265 972 plurimos
1281 923 1344 961 ess'e
1360 951 1371 966 ,
1397 926 1455 973 qui
1468 925 1589 965 Chore
1605 929 1789 970 intersunt,

387 975 549 1020 sacrisque
563 974 736 1009 solemniis
750 972 868 1018 praesto
886 972 963 1009 sunt
979 973 1014 1008 in
1026 973 1230 1010 Cathedrali
1244 973 1396 1013 Ecclesia
1409 976 1420 1014 ',
1436 974 1467 1008 ἂ
1481 974 1684 1021 vigesimum
1698 978 1790 1014 octa-

383 1034 464 1057 vum
484 1031 659 1057 numerum
684 1021 827 1065 implent
841 1047 851 1061 ,
879 1031 917 1057 ut
933 1021 1077 1060 aliorum
1094 1033 1201 1069 opera
1220 1032 1288 1058 non
1302 1019 1341 1061 fit
1355 1019 1539 1060 neceffaria
1556 1046 1567 1057 .

340 1069 500 1105 Praeterea
520 1081 564 1105 ex
579 1070 642 1105 hac
665 1070 831 1104 erectione
855 1069 941 1108 alias
964 1069 1048 1107 oriri
1062 1068 1260 1118 quaestiones,
1274 1094 1285 1108 ,
1309 1079 1383 1115 quae
1397 1067 1507 1107 Chori
1524 1068 1703 1107 servitium
1716 1096 1727 1111 ,
1751 1070 1787 1106 St

382 1116 628 1163 precedentiam
650 1116 860 1162 respiciunt,
885 1116 926 1155 de
938 1116 1061 1163 quibus
1087 1127 1176 1152 nunc
1198 1117 1305 1154 etiam
1319 1114 1431 1163 agitur
1444 1115 1520 1150 aliis
1539 1118 1665 1153 duobus
1689 1116 1788 1163 capi-

382 1164 493 1202 tibus;
509 1163 698 1198 Contendit
711 1163 803 1198 enim
816 1163 1015 1210 Capitulum
1031 1163 1140 1201 teneri
1157 1163 1427 1200 Thesaurarium
1439 1162 1595 1209 quotidie
1609 1164 1780 1205 interesse,

381 1211 494 1258 quod,
519 1222 594 1246 cum
606 1211 751 1246 custodis
764 1210 919 1247 officium
943 1221 1097 1249 exerceat
1122 1238 1132 1252 ‚
1156 1219 1362 1260 perpetuam
1385 1209 1534 1256 praestare
1557 1210 1674 1247 debeat
1703 1224 1788 1258 prae-

383 1258 521 1294 sentiam
536 1284 546 1298 ‚
567 1256 663 1293 nulla
677 1260 850 1299 contraria
865 1259 939 1306 lege
954 1285 964 1299 ,
991 1268 1051 1295 aut
1065 1257 1312 1296 consuetudine
1336 1256 1493 1292 obstante
1505 1283 1517 1297 ,
1541 1255 1644 1304 idque
1655 1257 1787 1297 etiamfi

381 1305 494 1341 nullos
514 1317 532 1339 e
544 1304 749 1352 quotidianis
761 1305 1068 1343 distributionibus
1081 1307 1208 1343 fruetus
1222 1305 1373 1354 accipiat
1387 1331 1397 1346 ,
1419 1313 1457 1340 ut
1470 1315 1542 1352 prae
1554 1305 1632 1343 aliis
1644 1315 1787 1343 monent

383 1360 486 1400 Fagn.
499 1356 533 1390 in
550 1362 623 1401 cap.
648 1365 721 1388 cum
739 1366 851 1391 omnes
869 1364 960 1400 n025.
974 1359 1018 1393 ψ
1033 1355 1089 1390 26.
1102 1356 1140 1391 de
1164 1354 1339 1396 constitut.
1363 1356 1408 1390 &¹
1434 1355 1479 1394 ἐπ’
1491 1360 1563 1399 cap·
1591 1355 1677 1392 licet
1688 1354 1789 1391 nobis

382 1410 471 1447 u.39.
488 1405 531 1437 Θ*
544 1411 599 1444 40.
611 1401 649 1436 de
659 1400 834 1437 Praelaend.
848 1405 892 1438 ά*
910 1404 1040 1448 Argni.
1053 1402 1150 1443 Disce
1174 1410 1203 1437 t.
1217 1401 1306 1441 Eccl.
1322 1400 1436 1438 Vol-2,
1462 1398 1564 1449 {ib.6.
1588 1403 1787 1449 disceptat.
1827 1443 1837 1450 .

383 1458 496 1492 n.13.;
521 1446 693 1483 Ultimum
713 1458 843 1494 quoque
856 1447 926 1499 post
938 1448 1134 1484 Canonicos
1161 1458 1260 1484 ocum
1281 1445 1498 1497 Thesaurario
1511 1443 1788 1495 adfignandum..

382 1494 444 1530 esse
457 1493 660 1539 Capitulum
673 1495 852 1531 contendit
864 1522 875 1537 ‚
897 1496 986 1542 quod
1000 1496 1164 1544 posterior
1179 1494 1218 1530 fit
1230 1493 1375 1536 eiusdem
1392 1493 1587 1539 Dignitatis
1602 1493 1787 1536 institutio,

383 1544 416 1578 8<
440 1541 623 1588 improprie
633 1543 800 1590 Dignitas
814 1553 959 1580 vocetur
972 1571 982 1585 ,
1008 1556 1086 1580 cum
1100 1555 1180 1581 vere
1195 1541 1297 1578 officii
1311 1552 1436 1581 nomen
1448 1539 1488 1574 {it
1502 1564 1524 1591 ,Ι
1535 1540 1566 1576 &
1580 1542 1786 1589 consequen-

383 1599 435 1624 ter
457 1589 610 1634 exemplo
633 1589 839 1626 Cantoratus
859 1617 871 1630 ,
897 1603 971 1638 quae
1001 1591 1164 1639 Dignius
1199 1600 1333 1636 quoque
1362 1588 1548 1634 impropria
1574 1589 1788 1637 appellatur,

383 1635 545 1683 cuiusque
570 1636 659 1673 sedes
681 1637 726 1672 est
739 1638 809 1682 post
833 1650 953 1679 omnes
969 1637 1126 1680 Ecciefiae
1148 1635 1367 1677 Cathedraiis
1398 1635 1616 1678 Canonicos,
1642 1637 1789 1676 ultimus

382 1684 477 1719 locus
496 1695 588 1719 novo
604 1685 824 1721 Jhesaurario
842 1686 913 1721 dari
943 1686 1085 1725 debeat·

338 1733 420 1768 Haec
441 1731 541 1767 habet
560 1731 763 1777 Capitulum
778 1733 884 1780 :quid
896 1744 1017 1770 contra
1032 1733 1119 1770 ferat
1134 1733 1282 1774 Frautus
1295 1731 1490 1779 ignoramus
1503 1757 1515 1772 ‚
1535 1732 1683 1769 nondum
1694 1732 1788 1769 enim

380 1779 460 1860 gui-a
483 1778 539 1814 sua
566 1779 683 1817 libello
708 1782 902 1828 complexus
929 1781 1004 1818 est:
1031 1782 1149 1819 Dubia
1170 1792 1255 1820 vero
1280 1806 1292 1824 ,
1317 1792 1391 1827 quae
1414 1789 1656 1828 proponuntur
1679 1807 1689 1817 .
1712 1779 1788 1817 haec

394 1834 455 1860 unt
469 1850 480 1861 Ο

338 1877 364 1911 J,
389 1876 445 1908 An
471 1870 509 1907 fit
531 1873 624 1929 lqcus
651 1876 816 1915 erectioni
848 1877 1048 1925 Dignitatis
1072 1876 1359 1917 Thesaurariatus
1382 1900 1394 1916 ,
1420 1879 1464 1918 ά*
1488 1884 1658 1924 quatenus
1693 1875 1786 1919 affir-

477 1932 629 1958 marive.

340 1971 380 2002 II.
406 1967 464 2002 An
486 1976 642 2020 teneatur
654 1971 997 2017 praestareservitium
1008 1972 1243 2020 quotidianum
1259 1999 1269 2013 ‚
1290 1969 1347 2009 vel
1369 1969 1486 2014 potius
1511 1969 1547 2006 in
1562 1968 1684 2009 diebus
1697 1967 1785 2004 sole-

476 2016 667 2066 mnioribus
681 2043 691 2056 ,
715 2019 745 2054 &
765 2020 966 2056 Dominicis
978 2048 988 2061 ,
1013 2032 1052 2056 ac
1065 2021 1169 2057 Festis
1183 2022 1229 2056 de
1244 2020 1415 2064 Praeceptc
1429 2040 1439 2050 ·

343 2064 396 2094 HI.
422 2060 836 2103 AmdemThesam-arius
859 2067 1002 2104 indutus
1029 2067 1303 2106 habiturchorali
1328 2065 1451 2104 debeat
1475 2064 1589 2103 sedere
1617 2063 1786 2101 inChoro

479 2117 694 2192 anstegcgmnes
720 2113 913 2154 canonicos
935 2142 947 2159 ,
979 2116 1038 2155 vel
1061 2117 1181 2166 potius
1214 2115 1286 2167 post
1307 2124 1424 2153 omnes
1450 2113 1491 2150 de
1516 2112 1688 2161 Capitulo
1715 2110 1786 2149 in.»

478 2167 518 2192 (a
534 2167 553 2190 u
601 2168 631 2194 C·

1720 2674 1795 2715 Die
