1883 2907
320 129 427 200 φξιῗιην
450 157 594 192 Dubium
617 179 626 194 ‚
661 156 704 189 cb*
728 154 826 189 detur
852 151 1010 192 Defcnfin·
1036 161 1079 186 ex
1106 151 1248 195 officio--
1281 148 1412 186 Aditus
1439 147 1544 196 igitur
1559 149 1739 186 Sacratiffl-

326 220 395 245 mus
411 204 568 248 Princeps
592 198 757 244 rescripsit
775 220 802 226 --
828 198 887 232 Ad
904 204 934 233 S.
959 202 1255 244 congr-‹gutt'oncm
1270 199 1410 233 concilii
1424 210 1438 232 c
1466 210 1496 232 m
1510 201 1728 242 omnibussz-

317 253 503 291 cultatibxcs
535 250 721 292 refbrmato
749 245 860 279 Ambio
885 265 920 272 --
946 245 1154 291 Proponitur
1181 254 1270 279 nunc
1297 243 1407 289 itaque
1428 244 1562 285 Cauia,
1588 255 1625 280 ur
1644 248 1731 282 Am-

313 300 444 348 plissimi
474 296 588 331 Patres
604 321 613 334 ,
643 291 818 339 perspectis
840 290 964 326 iterum
986 292 1091 327 Foliis
1106 292 1419 339 Congregationum
1434 315 1443 328 ,
1468 302 1540 336 quae
1554 292 1649 338 supra
1664 305 1732 328 me..

321 346 533 382 moravimus
544 369 553 382 ,
578 352 704 376 novum
722 366 731 378 ‚
757 337 849 384 quod
862 338 1059 380 subjicimus
1071 365 1081 380 ‚
1112 338 1271 374 Dubium
1286 337 1465 373 dissolvere
1481 339 1603 384 pollint
1617 367 1624 375 .

212 417 216 421 ,
268 393 503 439 ansi-utentia
518 390 715 432 'Provisoris
732 385 983 434 Hispalensissit
996 386 1295 430 confirmanda,vel
1310 388 1509 428 infirmanda
1521 388 1554 421 in
1567 387 1642 432 casu
1656 393 1732 426 &e-

364 487 566 528 Sententiam
583 485 770 533 provisoris
785 481 848 518 esse
859 481 1148 522 confirmandam.

49 631 165 668 sesnz4.
177 640 234 666 ca.
343 621 583 662 PALATEN.
609 618 1074 656 IRREGULARITATIS
1085 649 1092 657 .
1109 620 1285 668 Proposita
1299 620 1366 656 fuit
1381 620 1450 656 haec
1467 620 1577 657 Causa
1589 624 1622 658 in
1637 623 1735 660 Con-

36 669 135 709 a'erffi
347 672 542 720 gregatione
555 668 670 703 habita
681 668 735 702 die
751 678 807 706 24.
824 667 1032 703 Novembris
1061 670 1140 704 anni
1166 679 1287 710 ¹742»,
1312 678 1350 705 ut
1375 669 1530 715 cognosci
1557 671 1664 715 potest
1687 683 1730 708 ex

317 722 416 758 Polio
431 746 440 758 ,
465 719 551 765 quod
567 716 598 750 in
615 716 722 750 lucem
737 714 912 750 bominum
928 714 1058 750 editum
1070 716 1116 752 est
1133 718 1266 752 Vol.XI.
1286 717 1442 759 Theslzur.
1456 719 1562 763 Res0l.
1575 724 1731 766 S.Congr.

313 778 463 816 pag-173·
482 768 564 800 Duo
575 771 673 798 crant
686 762 778 797 illius
791 761 918 808 Capita
937 764 960 797 l.
976 768 1034 798 An
1048 764 1171 805 conflet
1183 765 1220 799 de
1231 765 1499 810 Jrregnltzritate
1513 767 1548 800 in
1564 766 1638 809 cafic
1653 771 1731 803 &c-

316 808 526 860 &quatenus
547 810 769 845 affirmative.
793 809 839 844 ll.
850 808 957 851 Anfit
970 811 1202 852 consulendum
1216 810 1415 853 Sanvstillimo
1421 819 1487 858 pro
1501 812 1731 859 dispensatio—

317 877 354 899 ne
369 865 402 896 in
419 862 491 905 cafic
506 864 581 896 &a
606 856 866 903 Responderunt
882 855 1089 903 Ampiislimi
1107 857 1225 894 Patres
1237 875 1265 886 --
1291 859 1351 892 Ad
1365 863 1391 891 I.
1405 857 1629 901 Affirmative
1645 883 1655 893 .
1669 861 1731 894 „Ad
1776 887 1781 891 ,

314 914 357 942 II.
374 910 555 954 'Negative
568 930 578 939 .
606 904 709 938 Redit
724 915 812 938 nunc
827 905 866 938 ad
878 903 1047 944 judicium
1063 903 1401 940 Eminentisfimorum
1415 904 1554 939 Patrum
1568 903 1729 942 Clericus
1775 945 1781 951 ,

317 955 551 1000 Hieronymus
566 951 773 986 Sirotrovich
800 951 865 986 sive
882 950 1094 987 Halvievich
1111 977 1121 990 ‚
1149 951 1357 997 postulatque
1383 952 1503 998 recessu
1530 965 1550 986 a
1574 953 1698 996 Decifis
1716 979 1728 996 ,

316 1002 407 1050 quod
424 1003 547 1036 crimen
563 999 733 1044 impiatum
749 998 866 1045 poculi
881 999 1035 1033 amatorii
1063 1000 1206 1044 puellae,
1232 1010 1332 1045 quam
1359 998 1535 1044 deperibat
1551 1024 1562 1038 ,
1587 999 1724 1046 praebiti

317 1049 410 1083 nulla
425 1048 554 1083 ratione
570 1046 729 1092 probetur
744 1073 753 1086 ‚
775 1046 807 1080 ὅ(
819 1044 979 1091 deceptus
992 1045 1094 1082 fuerit
1109 1048 1215 1092 probe
1229 1044 1513 1092 Archiepiscopus
1545 1045 1725 1091 Spalaten·
1776 1058 1782 1073 ¹

315 1096 354 1131 iis
370 1123 380 1136 ,
400 1096 459 1140 qui
482 1107 558 1130 cum
586 1104 646 1129 nec
675 1093 803 1128 causam
827 1092 896 1138 ipse
921 1092 972 1127 uti
994 1093 1100 1135 Judex
1132 1094 1238 1140 egerit
1261 1119 1271 1133 ,
1309 1104 1370 1127 nec
1397 1092 1456 1127 suo
1485 1101 1632 1138 tempore
1655 1094 1727 1130 aaa

315 1144 351 1178 slt
363 1168 373 1182 ‚
390 1143 441 1177 sed
455 1139 691 1188 praedecessoris
703 1139 960 1186 Archiepiscopi
973 1141 1083 1187 Laghi
1098 1167 1106 1180 ,
1133 1142 1247 1176 literas
1261 1150 1373 1175 tamen
1384 1140 1425 1173 ad
1437 1140 1577 1176 Sacrum
1588 1138 1724 1176 Tribu-

317 1190 373 1225 nal
386 1190 520 1224 dederit
534 1215 542 1227 ‚
573 1187 770 1233 urgentibus
787 1213 796 1226 ,
819 1187 877 1234 qui
890 1189 973 1234 apud
986 1200 1062 1223 eum
1086 1189 1160 1222 sunt
1185 1215 1194 1228 ,
1221 1189 1338 1234 puellae
1370 1187 1523 1223 affinibus
1540 1214 1550 1227 ‚
1576 1189 1696 1233 quibus
1711 1215 1726 1230 ,

318 1239 348 1271 ἃ
365 1237 489 1272 crimen
503 1246 681 1282 numquam
697 1235 874 1280 probatum
884 1246 1004 1271 verum
1017 1235 1081 1271 esse
1096 1235 1213 1271 retulit
1226 1262 1237 1276 ‚
1264 1236 1295 1270 &
1310 1234 1459 1283 plurima
1473 1262 1482 1275 ,
1496 1246 1569 1282 quae
1586 1246 1627 1271 ex
1638 1234 1727 1272 facto

317 1295 381 1319 non
398 1283 580 1329 probantur
595 1309 604 1322 ‚
631 1282 753 1325 adjecit
771 1305 779 1314 .

273 1331 414 1367 Crimen
426 1331 491 1366 hoc
504 1330 659 1376 igiturex
676 1327 794 1364 effectu
811 1339 941 1365 tantum
952 1331 1157 1377 puniendum
1171 1335 1186 1373 (
1200 1330 1353 1365 effedlum
1381 1329 1473 1364 enim
1497 1328 1585 1365 hunc
1606 1329 1729 1365 *rident

318 1377 467 1425 physici,
492 1378 523 1413 &
549 1376 605 1423 qui
630 1376 805 1411 hominum
825 1385 982 1412 naturam
998 1378 1184 1413 scrutantur
1208 1377 1304 1423 periti
1322 1376 1444 1411 medici
1464 1402 1474 1415 ,
1497 1378 1575 1412 dum
1591 1379 1727 1423 probe..

320 1434 526 1472 agnoverunt
539 1435 686 1458 amorem
702 1452 709 1464 ‚
735 1423 849 1458 odium
865 1451 874 1464 ,
902 1424 1052 1470 aliasque
1066 1425 1191 1460 mentis
1204 1424 1316 1460 nostrae
1331 1422 1520 1460 affectiones
1535 1450 1545 1464 ‚
1564 1425 1595 1459 8<
1614 1435 1651 1459 ut
1667 1436 1731 1460 vo-

320 1481 399 1507 cant
416 1472 570 1517 passiones
585 1483 603 1506 a
617 1470 746 1517 philtro
763 1497 771 1511 ‚
785 1472 814 1505 ὅ(
830 1471 957 1518 poculo
971 1499 981 1512 ,
1005 1473 1036 1507 ἃ
1067 1472 1200 1508 arcanis
1226 1471 1431 1505 carminibus
1454 1483 1523 1506 non
1549 1471 1723 1517 pendere)

319 1521 445 1555 crimen
460 1546 469 1559 ,
496 1520 629 1564 inquam
646 1542 656 1556 ,
675 1519 739 1553 hoc
749 1518 997 1564 qualecumque
1013 1517 1052 1553 fit
1067 1546 1076 1559 ‚
1104 1519 1196 1554 nulla
1216 1519 1350 1553 ratione
1375 1518 1531 1563 probari,
1555 1518 1719 1565 quidquid

321 1567 411 1601 enirn
425 1566 509 1612 apud
524 1566 644 1600 Laicos
660 1565 788 1607 Judices
807 1566 958 1612 egerint,
989 1567 1150 1613 quidquid
1165 1565 1378 1602 obtinuerint
1390 1565 1528 1600 absente
1543 1564 1621 1601 Reo
1641 1577 1725 1600 con-

322 1613 491 1659 sanguinei
504 1613 624 1659 puellae
641 1639 650 1653 ,
675 1611 751 1646 satis
765 1610 829 1646 esse
841 1613 1012 1649 decretum
1025 1613 1287 1659 Archiepiscopi
1300 1612 1408 1659 Laghi
1421 1638 1432 1652 ,
1458 1623 1527 1660 quo
1542 1613 1726 1659 Hierony-

319 1673 410 1695 mum
425 1661 637 1696 innocentem
647 1660 834 1695 declaravit
850 1687 858 1699 ‚
879 1659 958 1696 satis
968 1659 1032 1695 esse
1047 1663 1236 1697 Decretum
1249 1661 1404 1707 Supremi
1423 1660 1638 1706 Magistratus
1651 1660 1726 1695 Ve-

319 1708 485 1743 netiarum
498 1734 507 1747 ‚
534 1719 600 1752 quo
615 1707 801 1741 absolvitur
815 1734 825 1747 ‚
853 1709 882 1742 δι
896 1707 1087 1743 restituitur
1099 1718 1215 1744 contra
1227 1708 1368 1743 exilium
1382 1734 1392 1747 ‚
1417 1707 1460 1743 ad
1485 1709 1570 1753 quod
1587 1707 1723 1742 damna-

320 1765 419 1789 natus
434 1753 544 1788 fuerar
558 1766 576 1788 a
589 1754 702 1795 Judice
717 1753 821 1788 Laico
835 1769 842 1786 :
857 1755 943 1789 unde
952 1766 1038 1790 vero
1050 1755 1204 1791 habuerit
1223 1754 1504 1799 Archiepiscopus
1525 1754 1643 1789 factum
1659 1755 1724 1789 hoc

318 1814 358 1836 ex
373 1801 482 1847 gratia
494 1827 502 1840 ,
527 1813 625 1847 quam
640 1800 686 1846 pii
702 1800 873 1846 Principes
887 1802 1048 1837 Sodalitio
1059 1802 1235 1849 indulgent
1249 1828 1258 1841 ‚
1281 1811 1318 1835 ut
1338 1802 1409 1848 ipse
1421 1812 1533 1837 narrat
1549 1802 1582 1836 in
1599 1801 1721 1847 episto-

318 1849 350 1882 la
362 1849 416 1882 sua
430 1875 439 1887 ,
457 1849 592 1894 prorsus
608 1848 755 1895 ignorari
770 1874 780 1887 ,
807 1860 882 1883 cum
899 1850 933 1884 in
954 1849 1106 1884 De‘creto
1133 1849 1282 1895 Supremi
1298 1849 1511 1895 Magistratus
1528 1877 1537 1889 ‚
1561 1860 1621 1884 nec
1638 1847 1720 1884 vola

319 1894 357 1929 sit
372 1922 381 1934 ‚
406 1906 466 1928 nec
482 1895 658 1941 vestigium
673 1895 812 1938 hujusce
825 1896 957 1942 gratiae:
984 1897 1056 1942 pari
1071 1898 1206 1932 ratione
1221 1908 1258 1931 ea
1273 1897 1387 1931 omnia
1402 1922 1411 1935 ‚
1435 1908 1508 1944 quae
1522 1895 1566 1932 de
1581 1904 1723 1931 monta-

314 1944 366 1977 nis
379 1943 412 1976 in
440 1942 620 1977 tumultum
636 1969 644 1981 ,
673 1952 770 1988 atque
785 1942 870 1976 iram
885 1952 1001 1978 contra
1016 1945 1266 1991 Hieronymum
1292 1944 1372 1977 aeris
1395 1953 1506 1978 narrat
1532 1943 1730 1989 Archiepi=

316 1988 434 2036 scopus
446 2016 456 2029 ,
478 2000 616 2035 quaeque
633 1990 733 2024 habet
747 1990 890 2035 degestis
901 1991 935 2025 in
953 1993 1032 2026 urbe
1048 1992 1269 2027 Venetiarum
1285 2002 1296 2028 3
1320 2001 1381 2027 nec
1396 1990 1595 2026 verisimilia
1620 1988 1696 2024 fieri
1709 2015 1723 2031 ,

316 2047 376 2071 nec
389 2035 539 2081 legitime
551 2036 686 2082 probari
702 2063 712 2076 ,
739 2038 807 2071 imo
821 2039 1026 2073 contrarium
1040 2039 1200 2074 monstrat
1218 2039 1444 2083 Hieronymus
1468 2036 1721 2072 testificationi-
1775 2049 1782 2054 ·

329 2083 388 2116 bus
400 2085 621 2128 parochorum
635 2110 645 2122 ,
675 2083 733 2130 qui
749 2083 783 2118 in
795 2085 972 2120 montibus
985 2085 1055 2120 illis
1068 2085 1142 2119 sunt
1155 2112 1165 2125 ,
1186 2086 1217 2121 δι
1233 2085 1401 2120 nobilium
1417 2084 1568 2120 virorum
1580 2109 1590 2123 ‚
1612 2086 1641 2119 ὃ(
1653 2083 1723 2129 pie·
1775 2113 1781 2115 .

316 2138 387 2179 tate
403 2154 427 2179 ,.
444 2130 660 2176 doctrinaque
673 2131 898 2176 praestantium
911 2158 921 2171 ,
947 2132 1005 2179 qui
1021 2132 1175 2167 Veneriis
1190 2132 1264 2167 sunt
1282 2159 1292 2172 ,
1317 2141 1354 2167 ut
1380 2141 1536 2178 poterunt
1562 2132 1721 2166 Eminen-

317 2175 428 2208 tissimi
442 2176 558 2210 Patres
575 2177 701 2222 liquido
716 2178 899 2225 agnoscere
914 2189 984 2214 tum
1000 2193 1042 2217 ex
1054 2180 1093 2214 iis
1107 2207 1117 2219 ,
1144 2192 1216 2226 quie
1233 2180 1265 2214 in
1276 2180 1382 2225 prima
1394 2179 1512 2215 Causae
1525 2176 1721 2224 propositio-

318 2234 359 2256 ne
374 2223 453 2272 <lata
471 2223 570 2262 sunt,
588 2232 660 2258 tum
674 2237 716 2259 ex
734 2227 773 2260 iis
790 2253 800 2265 ,
826 2238 899 2272 quae
917 2238 1004 2263 nunc
1017 2235 1267 2273 proponuntur.

270 2269 416 2319 Accedit
431 2270 589 2312 judicium
603 2271 780 2307 vicinioris
800 2273 952 2320 Episcopi
964 2273 1167 2309 Macarenfis
1181 2300 1191 2313 ‚
1215 2274 1272 2320 qui
1287 2273 1414 2308 censuit
1441 2272 1615 2318 indignum
1634 2271 1718 2306 illud

315 2318 442 2351 lacinus
458 2328 476 2350 a
493 2317 708 2362 Hieronymo
724 2319 896 2354 admissum
910 2332 975 2355 non
993 2319 1106 2361 suiffe,
1129 2322 1255 2366 quique
1266 2329 1361 2363 putat
1374 2331 1449 2354 eum
1481 2320 1588 2354 Sacris
1608 2318 1722 2352 Ordi-

315 2363 414 2397 nibus
430 2390 439 2402 ‚
468 2364 498 2398 δι
514 2363 705 2399 Sacerdotio
723 2366 764 2398 ob
774 2378 904 2402 morum
919 2369 1123 2412 probitatem
1134 2366 1220 2413 posse
1235 2366 1399 2401 honestari
1415 2381 1421 2399 2
1438 2366 1590 2401 Demum
1601 2363 1623 2399 si
1635 2364 1719 2411 quid

318 2410 422 2444 adhuc
437 2410 658 2444 dubitationis
673 2410 810 2458 superfit
825 2438 835 2451 ,
860 2414 997 2448 veniam
1023 2414 1168 2459 postulat
1184 2441 1194 2454 ,
1219 2412 1286 2447 five
1312 2413 1592 2460 dispensationem
1605 2438 1615 2451 ‚
1643 2421 1720 2446 cum

317 2464 432 2499 agatur
443 2457 486 2491 de
497 2455 635 2492 Clerico
651 2482 660 2495 ‚
686 2459 740 2503 qui
758 2471 821 2506 per
834 2472 941 2496 annos
955 2461 1079 2507 viginti
1095 2462 1161 2495 huc
1174 2486 1186 2500 ,
1199 2469 1301 2505 atque
1316 2459 1397 2494 illuc
1407 2460 1545 2501 jactatus
1562 2486 1573 2500 ‚
1593 2458 1718 2505 probus

315 2503 446 2547 semper
459 2528 469 2552 ‚³
492 2504 522 2537 δι
536 2503 675 2549 optimis
690 2508 837 2542 moribus
862 2506 1013 2542 imbutus
1028 2508 1152 2553 ubique
1168 2506 1256 2541 visus
1270 2505 1315 2540 est
1328 2533 1338 2546 ‚
1353 2508 1384 2542 &
1400 2519 1488 2542 nunc
1502 2507 1604 2542 etiam
1617 2531 1628 2546 ‚
1643 2503 1719 2539 Ro-

314 2558 372 2581 ma:
384 2548 580 2598 Christianis
595 2551 783 2589 virtutibus
795 2580 806 2594 ,
832 2563 932 2600 atque
949 2554 1124 2589 exercitiis
1134 2562 1304 2600 perpetuo
1323 2553 1469 2589 addeins
1498 2554 1652 2588 laudatur
1675 2551 1720 2586 ab

313 2594 487 2632 Offlfflbuss
523 2596 703 2642 praesertim
716 2612 792 2636 cum
806 2602 899 2636 nulla
912 2602 1002 2648 turpi
1019 2601 1153 2636 macula
1169 2609 1309 2635 noretur
1325 2626 1334 2640 ,
1361 2600 1454 2635 nulla
1469 2600 1622 2640 infamia,
1634 2609 1719 2634 con-

315 2641 508 2676 ¹U¹¹¹3<³lflle⁵
525 2643 614 2677 enim
628 2644 794 2684 Judicium
814 2648 997 2684 Laicorum
1028 2648 1201 2684 sententiae
1220 2648 1484 2693 exequutionem
1506 2645 1718 2729 nullambha-

1656 2702 1720 2726 ue-
