1874 2961
50 123 52 126 ’
111 125 347 165 OLONIEN.
372 123 757 166 LEGITIMITATIS
782 123 967 160 PROLis:
996 122 1201 163 Impetravit
1219 124 1355 161 Isabella
1377 87 1489 163 Baro?
1518 126 1631 165 ‘eff-²<-
1652 137 1729 168 ca,-

125 175 206 223 nisl'a
226 178 266 213 de
281 175 426 210 Merode
458 177 490 210 in
520 173 694 214 Hoffalize
710 171 854 209 Profe-ssa
878 173 910 206 in
927 170 1134 207 Monasteri'o
1157 172 1296 207 Ordinis
1316 178 1346 208 δ’.
1360 175 1487 224 δυριιῑ-
1522 170 1556 201 4‘
1569 179 1627 212 ''g-

67 221 346 265 chrijuliacenfis
365 221 600 267 Apostolic.nn
614 221 893 258 Commiiiionem
915 231 1002 254 anno
1022 226 1116 262 16³9.
1136 246 1144 259 ,
1170 229 1206 255 ut
1233 221 1331 255 causa
1346 222 1487 257 nuliita-

66 271 110 305 tis
134 270 196 306 suae
211 269 424 308 Profeffionis
439 270 695 316 cognosceretur
726 269 758 302 in
776 271 882 315 gradu
905 266 1155 311 Appellationis
1181 268 1220 302 ab
1243 267 1407 311 Episcopo
1425 296 1433 308 ‚
1453 270 1487 305 ὅ(

66 316 223 362 Principe
240 317 484 352 paderbonensi
504 344 514 356 ‚
537 317 567 352 &
591 319 800 364 aSuperiore
814 315 956 355 Ordinis
980 315 1009 349 S.
1024 314 1203 361 Sepulchri
1228 314 1420 359 specialiter
1444 316 1486 351 ad

66 364 155 403 hanc
171 363 426 413 Appellationis
440 364 572 400 causam
587 377 604 400 a
619 365 649 404 S.
665 365 745 400 Sede
759 362 925 410 delcga‘tis
936 387 948 402 ‚
973 372 1166 403 remanente
1194 363 1257 398 illa
1282 365 1365 397 inte)
1377 365 1422 397 im
1451 367 1485 398 in

67 412 188 451 habitu
203 436 213 448 ,
238 417 280 449 ὠν
300 413 442 454 Tonsura
460 438 469 454 ‚
494 417 537 450 <3-
553 412 616 455 fiab
630 411 859 454 obedicntiast
875 422 969 445 oram
985 412 1202 456 Superiorum
1221 436 1228 445 .
1255 407 1347 444 Cum
1364 408 1398 444 in
1412 411 1488 444 uni-

66 459 162 498 versa
175 457 362 498 Germania
378 459 538 504 superiori
553 460 663 496 nullus
680 457 759 494 esset
774 457 920 504 praediCti
935 458 1081 494 Ordinis
1093 457 1250 505 Superior
1263 482 1273 496 ,
1303 456 1360 504 qui
1387 457 1488 498 iuxta

65 505 202 546 Literas
222 505 433 551 Apostolicas
455 508 495 541 de
520 506 584 543 hac
598 508 695 544 causa
720 506 923 553 cognoscere
952 503 1076 550 posset,
1105 503 1487 549 specialicorninissione

65 552 215 596 eiusdem
228 552 388 599 Episcopi
402 553 662 592 paderbonensis
682 553 880 599 subrogatus
906 550 971 587 fuit
989 552 1025 587 Ρ.
1043 551 1199 603 AEgidius
1215 548 1373 590 Auffems
1388 551 1487 586 Prior

66 601 269 639 Conventus
284 601 406 636 Sanun:
421 600 541 637 Crucis
555 602 677 639 Leodii
702 602 737 636 in
752 601 933 636 Germania
950 598 1123 636 inferiori:
1151 598 1207 634 hic
1224 598 1331 639 judex
1346 598 1406 635 ser.
1419 600 1486 638 ter,

44 689 46 691 .
66 649 101 685 &
117 647 232 685 citatis
255 648 411 682 omnibus
427 648 578 684 interesse
596 648 796 685 habentibus
820 675 829 689 ,
855 651 1028 683 decretum
1062 646 1140 682 tulit
1163 644 1488 686 subministrationis

66 695 325 735 alimentorum,
350 695 381 729 &
409 695 602 741 sumptuum
623 698 694 733 litis
710 723 720 737 ‚
742 699 819 732 data
843 697 949 730 etiam
979 693 1130 729 Isabellae
1145 693 1316 744 potestate
1337 696 1382 729 ad
1401 694 1489 728 dan-

65 746 142 778 dam
167 769 180 783 ,
214 746 258 780 &⁶
286 744 482 788 capiendam
514 744 728 791 necessariam
780 758 816 779 ro
838 742 1018 786 defensione
1040 742 1314 786 informationem
1337 754 1348 774 z
1374 738 1488 775 nullus

71 800 157 826 vero
177 789 409 826 contradictor
432 791 582 837 apparui:
600 817 610 831 ,
630 792 697 828 imo
720 793 733 828 l
750 791 870 832 abellae
888 792 1004 826 Frater
1028 793 1064 826 in
1089 791 1356 826 declarationem
1381 788 1488 824 nulli-

67 839 153 873 ratis
180 837 392 880 Profeslionis
412 837 478 880 firae
500 841 631 882 sororis
656 868 665 880 ,
699 849 874 889 tamquam
905 840 945 874 vi
973 841 1017 875 ὠ
1042 846 1134 874 metu
1157 839 1251 872 initae
1280 860 1291 874 ,
1332 833 1487 880 expresse

65 881 250 920 consensit.
277 882 431 923 Tandem
455 885 568 931 Judex
590 889 632 924 ad
653 887 772 925 causae
799 884 1047 924 conclusionem
1067 882 1223 929 processit
1245 909 1255 924 ‚
1282 882 1314 917 ἂ
1340 886 1378 919 de
1402 884 1489 929 plu-

64 935 154 968 rium
170 932 409 978 Theologorum
423 958 434 971 ‚
456 938 500 970 (ξφ
524 935 816 980 “Juriffieritorum
843 933 974 976 consilio
992 935 1133 980 pariter
1148 955 1159 974 a
1187 934 1231 969 Θ·
1257 929 1378 976 affinjia
1413 929 1490 964 sen·

67 979 210 1015 tentiam
234 979 317 1014 tulit
330 979 499 1016 nullitatis
512 981 731 1018 Proseffionis
751 992 924 1028 tamquam
948 982 1010 1019 vi,
1033 983 1077 1016 ό»
1101 987 1192 1014 metu
1218 986 1386 1014 extortae.

23 1027 153 1065 Delata
173 1026 236 1061 hac
258 1025 427 1062 sementia
447 1027 513 1068 iam
527 1028 650 1074 scripta
663 1031 704 1064 ab
719 1031 836 1064 eodem
851 1027 886 1064 P.
906 1027 1043 1073 AEgidio
1066 1037 1143 1061 cum
1156 1033 1230 1060 toto
1247 1022 1409 1061 Processu
1423 1051 1431 1062 ,
1454 1025 1490 1064 ὅ(

69 1072 370 1109 Testimonialibus
394 1073 481 1109 datis
505 1077 545 1110 ab
564 1076 732 1125 Episcopo
749 1073 995 1112 Paderbonensi
1020 1073 1060 1108 ad
1075 1072 1228 1108 effectum
1255 1071 1350 1106 illam
1375 1071 1491 1118 publi-

67 1121 189 1158 candi,
214 1121 387 1161 communi
411 1121 582 1169 utriusque
610 1124 734 1165 Judici's
757 1123 898 1160 nomine
924 1119 1066 1161 isabella
1092 1133 1110 1161 e
1133 1118 1340 1154 Monasterio
1361 1117 1491 1166 egressa

63 1169 109 1206 est
138 1170 176 1206 de
195 1171 334 1216 proprii
360 1169 550 1212 Confeffizrii
574 1172 727 1214 consilio,
752 1174 783 1207 δι
808 1180 968 1217 reputans
990 1169 1200 1217 publicatam
1226 1164 1323 1207 fuisse
1355 1166 1491 1203 senten-

69 1216 154 1252 tiam
175 1215 271 1254 illam
297 1217 340 1250 ab
364 1215 531 1262 Episcopo
551 1218 798 1255 Paderbonenfi
831 1218 917 1254 hona
944 1216 1009 1258 fide
1034 1226 1112 1252 cum
1135 1214 1244 1252 nobili
1269 1214 1347 1251 viro
1372 1214 1493 1251 matri-

66 1261 219 1299 monium
242 1265 416 1297 contraxit
431 1291 439 1298 .
467 1263 616 1303 Decessit
632 1267 705 1301 inde
718 1267 898 1309 Episcopus
912 1291 921 1303 ,
947 1264 977 1302 δι
1005 1262 1079 1313 post
1097 1263 1189 1302 illius
1201 1261 1335 1298 obitum
1349 1261 1489 1302 rescivit

66 1309 212 1345 lsabella
246 1309 401 1349 omissam
436 1307 534 1345 suiffe
561 1313 825 1355 publicationem
853 1310 998 1351 eiusdem
1027 1309 1204 1346 sententiae
1229 1335 1240 1349 ‚
1279 1309 1488 1356 ideoque-o,

68 1356 206 1402 speciali
223 1355 447 1395 Procuratore
463 1357 497 1397 in
515 1359 593 1394 acus
609 1362 793 1399 constituto
809 1387 819 1400 ,
844 1359 930 1394 nihil
954 1357 1113 1392 intactum
1137 1355 1282 1403 reliquit
1307 1359 1393 1402 apud
1415 1355 1493 1392 suc·-

65 1403 222 1441 cessorern
254 1404 456 1449 Episcopum
481 1431 491 1444 ‚
531 1415 569 1443 ut
602 1407 809 1452 suppleretur
829 1406 974 1442 defectus
1000 1403 1240 1450 publicationis
1260 1428 1271 1442 ,
1296 1403 1379 1450 quid
1404 1415 1492 1440 vero

69 1452 177 1488 actum
197 1450 327 1490 fuerit,
349 1452 528 1497 ignoratur
542 1479 552 1493 ‚
575 1465 653 1488 nam
674 1457 719 1490 ob
742 1453 998 1491 translationem
1017 1450 1198 1487 Tabularii
1212 1476 1222 1492 ‚
1241 1448 1309 1486 slve
1322 1450 1491 1497 Archivij

66 1497 278 1544 Episcopalis
314 1499 429 1533 omnia.
459 1498 530 1533 aila
562 1501 596 1535 in
621 1501 682 1536 hac
708 1502 806 1541 causa
831 1501 897 1536 five
922 1498 1036 1535 amissa
1059 1498 1136 1538 sunt
1160 1525 1170 1538 ,
1207 1496 1275 1533 five
1299 1508 1368 1532 non
1395 1509 1493 1544 repe·

67 1543 224 1585 riuntur,
252 1545 334 1580 licet
354 1556 417 1586 ea,
442 1556 518 1592 quae
542 1546 577 1582 in
592 1547 777 1586 Secretaria
803 1550 909 1584 Sacrae
934 1547 1034 1589 hujus
1054 1545 1227 1592 Congreg-
1255 1545 1347 1581 edita
1381 1545 1460 1580 sunt
1477 1571 1490 1585 2

69 1592 227 1640 legaliter
263 1593 408 1628 extracta
435 1592 559 1628 fuerint
597 1607 617 1629 a
646 1595 715 1632 suis
737 1595 962 1643 originalibus
995 1593 1202 1638 ann01726.
1227 1591 1407 1639 originalia
1432 1602 1494 1628 ta-

70 1652 147 1676 men
174 1640 312 1685 reperiri
329 1651 395 1674 non
409 1648 594 1687 potuerunt
613 1668 625 1681 ,
646 1644 680 1678 8<
706 1643 865 1680 Vicarius
891 1641 1039 1676 General
1055 1652 1071 1681 s
1094 1640 1291 1676 Paderbonae
1315 1639 1493 1686 requisitus,

71 1700 89 1722 a
107 1687 245 1722 Nuncio
257 1686 462 1733 Apostolico
478 1687 518 1721 ad
531 1686 695 1724 Traoum
711 1689 851 1729 Rheni,
875 1691 914 1724 ad
937 1700 1036 1734 quem
1058 1712 1068 1726 ‚
1097 1696 1134 1722 ut
1165 1686 1237 1721 fieri
1266 1686 1354 1722 solet
1369 1714 1378 1727 ,
1404 1686 1493 1733 Epi-

70 1733 154 1769 stola
169 1733 250 1771 data
269 1733 334 1770 fuit
349 1735 391 1769 ab
405 1733 801 1780 AmpliffimisPatribus
816 1764 825 1776 ,
851 1735 1019 1781 respondit
1046 1735 1165 1769 eadem
1190 1735 1260 1768 aCta
1286 1745 1354 1768 non
1379 1735 1491 1769 modo

71 1779 189 1819 vidisse
205 1806 216 1820 ,
240 1781 294 1817 sed
308 1783 341 1817 &
356 1781 391 1816 in
405 1782 489 1818 meis
503 1783 661 1821 manibus
685 1783 835 1823 habuisse
848 1809 859 1824 ‚
883 1783 949 1818 imo
964 1783 998 1817 in
1013 1783 1053 1817 iis
1067 1780 1183 1829 legisse
1198 1780 1399 1821 sententiam
1410 1781 1491 1817 nul-

71 1826 181 1863 litatis
209 1827 429 1869 Profeiiionis
451 1829 712 1868 declaratoriam
728 1855 736 1864 .

24 1873 82 1911 De
97 1875 148 1914 his
164 1875 319 1910 omnibus
333 1878 445 1922 itaque
459 1877 584 1913 certior
595 1889 706 1924 nuper
717 1877 822 1917 factus
834 1877 1047 1913 Christianus
1066 1875 1237 1922 Augustus
1250 1876 1290 1910 de
1304 1874 1490 1912 Molzfeldd

71 1922 182 1969 Eques
197 1949 208 1963 ,
233 1923 263 1958 ὅ(
283 1923 384 1960 Liber
399 1922 484 1958 Baro
508 1922 543 1958 in
563 1924 705 1961 Ducam
719 1925 868 1964 Cliviae,
892 1925 953 1971 qui
978 1936 1054 1960 cum
1079 1924 1159 1959 filiis
1185 1923 1337 1965 abiurata
1361 1924 1414 1959 die
1436 1936 1491 1964 19.

71 1969 161 2020 Maii
179 1971 259 2009 anni
282 1980 381 2011 1744.
394 1970 506 2005 haerefi
519 1970 728 2011 Calviniana
741 1999 751 2012 ,
778 1972 966 2019 spretisque
980 1970 1153 2009 nobilibus
1167 1971 1290 2010 officiis
1303 1996 1315 2009 ,
1340 1970 1490 2013 divitiis,

70 2017 296 2062 dignitatibus
317 2043 327 2056 ‚
351 2019 382 2053 &
407 2016 654 2063 posseffionibus
677 2046 685 2058 ,
709 2031 790 2066 quas
814 2021 916 2059 Pater
931 2047 938 2059 ,
957 2020 1036 2054 dum
1060 2019 1198 2058 viveret
1213 2044 1223 2057 ‚
1252 2018 1398 2057 habebat
1421 2018 1490 2053 in.-

70 2064 268 2099 Hollandiae
293 2063 506 2109 Republica,
530 2065 574 2100 ad
599 2065 813 2103 Catholicam
832 2068 930 2105 venit
952 2064 1195 2112 Religionem,
1222 2075 1326 2111 grave
1343 2065 1425 2103 tulit
1454 2066 1492 2099 in

71 2110 211 2149 dubium
242 2112 396 2147 revocari
424 2111 512 2156 poss'e
535 2113 725 2158 legitimam
747 2114 913 2151 natalium
948 2113 1086 2149 suorum
1109 2113 1310 2159 qualitatem
1330 2113 1375 2147 ob
1400 2110 1493 2146 defe-

72 2159 159 2197 &um
176 2157 415 2202 publicationis
433 2158 606 2195 sententiae
630 2161 833 2200 declarantis
860 2162 1052 2200 nullitatem
1066 2158 1278 2199 Professionis
1302 2158 1423 2196 emissa:
1450 2161 1493 2194 ab

74 2204 224 2243 Isabella
246 2206 359 2241 Matre
374 2233 384 2247 ‚
408 2218 482 2252 quae
496 2217 547 2240 res
564 2207 595 2240 ὅ(
616 2206 673 2242 sibi
688 2234 698 2248 ‚
722 2209 754 2243 &
771 2206 859 2247 filiis
881 2208 1126 2248 detrimentum
1149 2206 1312 2246 inferret,
1343 2206 1493 2251 ideoque

73 2252 234 2287 libellum
248 2253 378 2289 obtulit
393 2253 596 2289 Sanoiffimo
610 2252 758 2301 Principi
772 2255 882 2293 nostro
895 2282 904 2295 ,
927 2257 985 2300 qui
1005 2254 1051 2289 rei
1066 2253 1167 2297 huius,
1178 2254 1410 2301 cognitionem
1431 2252 1496 2287 de-

71 2298 120 2350 dit
139 2299 361 2345 Ampliffimis
379 2301 537 2339 Patribus
554 2327 564 2339 ‚
590 2303 770 2347 auditoque
785 2329 794 2342 ,
819 2312 856 2338 ut
872 2303 1042 2341 diximus,
1067 2299 1101 2335 N
1108 2301 1207 2337 uncio
1223 2301 1427 2348 Apostolico
1444 2296 1490 2339 ad

75 2345 101 2379 ’1
115 2347 239 2381 ratitum
254 2348 398 2390 Rheni,
419 2347 516 2383 causa
542 2359 632 2383 nunc
651 2348 847 2385 definienda
873 2350 1092 2395 proponitur.

29 2392 170 2431 Nullam
185 2394 400 2430 Christianus
419 2396 468 2429 ait
493 2395 533 2429 de
555 2396 736 2430 validitate
750 2396 965 2435 Matrimonii
982 2395 1131 2433 lsabellae
1146 2394 1271 2435 Matris
1285 2422 1295 2437 ‚
1320 2406 1360 2429 ea
1386 2393 1470 2430 viva
1483 2417 1496 2433 ,

74 2449 183 2477 ortam
206 2441 301 2480 fuisse
317 2441 566 2480 dubitationem
595 2468 606 2481 ,
633 2442 773 2492 ideoque
796 2444 895 2479 nullo
915 2445 993 2485 jure
1023 2440 1169 2477 inficiari
1195 2440 1285 2487 poss'e
1310 2440 1500 2487 legitimam

75 2485 140 2523 effe
153 2488 285 2529 Prolem
299 2516 310 2530 ‚
334 2501 408 2536 quae
425 2501 469 2527 ex
491 2501 532 2524 eo
546 2490 778 2529 Matrimonio
794 2491 912 2537 genita
927 2490 996 2530 est,
1016 2491 1104 2534 quod
1127 2497 1236 2523 matre
1262 2489 1404 2526 vivente
1427 2487 1501 2523 im·

76 2544 221 2580 petitum
252 2548 325 2575 non
349 2535 414 2575 fuit
450 2537 547 2578 iuxta
575 2537 770 2582 rescriptum
799 2537 988 2576 Alexandri
1007 2536 1070 2574 111,
1094 2539 1129 2571 in
1155 2541 1242 2583 Cap.
1272 2537 1372 2580 Caufiz
1389 2560 1400 2576 2
1428 2536 1502 2583 ,Qui

70 2583 142 2627 filii
168 2583 236 2624 sint
259 2585 358 2631 legit.
383 2583 569 2629 pracsertim
587 2611 597 2624 ,
624 2595 702 2618 cum
727 2595 816 2620 nunc
841 2595 906 2618 non
932 2593 1051 2630 agatur
1075 2584 1115 2618 de
1139 2581 1233 2618 illius
1258 2582 1385 2619 foedere
1408 2609 1419 2623 ,
1443 2582 1502 2620 vel

76 2628 322 2670 substitit-ndo,
354 2633 410 2671 vel
433 2632 662 2681 impugnando
689 2636 704 2675 (
728 2631 985 2670 matrimonium
1013 2630 1107 2669 enim
1142 2629 1313 2678 utriusque
1327 2629 1501 2677 Coniugis

402 2695 413 2701 ·
1389 2684 1502 2716 morte
