1946 2961
383 33 429 64 ³8

342 76 426 113 Hoc
441 76 557 110 eodem
571 76 647 114 Jure
669 80 765 106 utens
782 68 878 103 Felix
893 65 1015 101 Trulli
1033 65 1123 101 filius
1137 66 1355 113 Marg‘haritae
1373 65 1450 104 filiae
1461 69 1627 105 Advocati
1643 67 1737 103 Pauli
1753 66 1866 102 Rubei

390 121 542 158 obtinuit
569 130 657 153 anno
674 117 770 163 1728.
785 126 862 150 cum
876 113 1035 150 consensu
1050 113 1202 160 Philippi
1226 113 1338 149 Rubci
1352 116 1496 159 gratiam
1519 116 1745 163 aflignationis
1764 115 1867 149 Dotis

389 168 545 207 sczsoo.
569 178 627 211 pro
644 165 795 210 qualibet
809 174 851 197 cx
864 161 993 196 duabus
1009 187 1017 201 ,
1040 172 1121 206 quas
1134 161 1284 196 habebat
1301 186 1311 198 ,
1333 159 1465 197 filiabus
1481 174 1499 197 a
1513 164 1651 198 Summo
1667 160 1867 199 Pontificta

393 214 572 250 Benedicio
587 211 686 247 XIII.
701 222 777 246 cum
791 207 1054 244 conditionibus
1070 218 1178 243 tamen
1197 208 1331 250 adjectis
1347 209 1388 242 ab
1411 208 1674 246 Eminentillimo
1688 220 1770 245 tunc
1786 219 1869 243 tem-

393 261 486 308 poris
499 260 689 296 Proteaore
708 255 1111 293 Archiconsraternitatis
1125 256 1332 291 SanCtiflimae
1347 256 1635 293 Annunciationis
1661 286 1667 292 .
1697 256 1772 291 1³0st
1798 257 1869 291 hacc

395 309 486 341 :dem
513 306 690 354 Philippus
714 305 856 340 Rubeus
881 315 1034 340 extrema
1057 314 1168 338 rerum
1197 304 1350 339 omnium
1374 303 1494 350 preffus
1523 303 1639 349 inopia
1664 304 1870 350 supplicavit

398 354 707 399 OptimoPrmcipi
721 352 894 387 Clementi
911 350 1015 390 xli„
1042 351 1103 398 qui
1127 362 1215 386 anno
1247 360 1336 397 1731.
1366 354 1501 399 praevio
1530 358 1615 387 Voto
1653 352 1752 392 huius
1778 352 1870 386 Sacri

399 400 610 438 Tribunalis
626 429 634 442 ‚
661 400 749 444 juffit
762 427 773 440 ‚
796 410 834 435 ut
850 410 894 433 ex
917 398 1032 433 iisdem
1047 397 1231 433 redditibus
1244 397 1412 433 Locorum
1426 397 1599 434 Montium
1625 398 1791 434 menstrua
1810 398 1841 433 ei
1861 425 1870 438 ,

387 448 506 484 ‘donec
519 451 675 488 viveret,
703 448 794 483 scuta
808 447 954 492 quinque
978 444 1213 480 solverentur.
1239 443 1410 480 Hocvitae
1424 444 1562 481 subsidio
1584 446 1661 482 usus
1678 445 1721 480 ad
1747 456 1872 481 annum

402 506 500 538 1742.
519 496 613 532 obiit
627 495 743 530 misere
770 494 804 529 in
820 492 1030 527 Nosocomio
1043 491 1253 527 celeberrimi
1266 491 1499 533 jurisconsulti
1524 491 1615 530 filius
1629 521 1639 534 ‚
1662 503 1807 539 quatuor
1821 491 1872 527 su-

404 543 591 589 perstitibus
615 543 769 582 filiabus,
794 548 876 586 qu'as
899 551 941 575 ex
964 539 1113 574 secundis
1126 540 1254 585 nuptiis
1270 547 1485 574 contraxerat
1500 541 1700 580 Hormnfia,
1730 540 1873 574 Leonil-

403 589 448 626 da
463 616 473 631 ,
500 590 686 626 Dominica
700 616 709 629 ,
738 590 767 624 ἃ
784 586 982 623 Constantia
995 601 1005 620 z
1033 587 1105 622 Has
1118 587 1210 622 omni
1223 598 1291 634 ope
1314 585 1490 622 destitutas
1506 587 1620 635 Regio
1636 614 1646 628 ,
1673 598 1740 632 quo
1757 587 1873 633 praedi-

405 646 461 674 tus
482 637 546 677 est,
572 636 744 682 animoxali
762 635 1087 679 juliitSanfflssimus
1105 635 1280 671 Dominus
1304 634 1427 670 Noster
1449 633 1642 671 Benedictus
1666 634 1771 669 XIV.
1797 635 1874 669 alli-

408 685 521 730 gnatis
534 684 577 720 sc.
592 695 625 722 2.
642 682 815 721 menstruis
831 683 866 718 in
884 682 1027 729 singulas
1039 693 1153 718 earum
1171 710 1178 718 .

361 733 414 772 At
430 734 476 769 hx
494 733 651 778 Virgines
675 741 746 766 tam
763 730 859 767 Filiae
874 731 1056 777 Philippi,
1080 741 1181 775 quam
1200 729 1294 767 Filiae
1311 734 1460 777 Vicentiiv
1488 730 1568 766 Filii
1584 729 1736 777 Philippi
1762 727 1875 764 Rubei

407 793 485 816 cum
503 779 637 814 summis
659 787 894 824 premerentur
915 777 1078 823 angustiis
1092 803 1101 817 ,
1130 788 1240 822 preces
1255 789 1360 814 novas
1375 779 1576 815 obtulerunt
1587 779 1698 813 eidem
1714 776 1877 811 Sacratis-

408 827 493 862 fimo
508 826 655 874 Principi
679 836 749 862 tum
766 836 826 873 pro
841 824 1014 860 alimentis
1035 823 1191 870 congruis
1208 851 1218 864 ‚
1245 834 1318 861 tum
1333 837 1392 873 pro
1412 827 1489 860 dote
1512 838 1554 861 ex
1573 826 1630 862 Pia
1655 824 1875 872 largitione..-

407 874 504 910 Pauli
522 873 685 920 Paganini
699 872 939 909 constituendis
954 897 964 907 .
990 872 1083 907 Data
1100 872 1163 909 fuit
1177 871 1407 918 postulationis
1421 873 1524 915 huius
1550 871 1678 919 cogitio
1694 871 1879 917 Amplissi-

407 923 472 957 mis
489 921 642 955 Patribus
654 947 664 961 ‚
690 933 707 955 a
722 922 841 968 quibus
856 928 997 967 rogatus
1011 919 1078 955 fuit
1094 918 1375 957 Eminentiliimus
1390 919 1558 956 protector
1573 918 1877 957 Archiconfrater..

408 967 551 1008 nitatis,
577 977 614 1003 ut
639 969 842 1003 sententiam
867 968 969 1002 animi
995 966 1044 1002 sui
1068 967 1237 1012 aperiret,
1264 971 1396 1004 auditis
1419 972 1603 1016 Deputatis
1627 966 1873 1008 Archiconfra.

408 1019 611 1054 ternitatis.
641 1015 770 1056 Edito,
793 1014 988 1060 ostensoque
1007 1021 1092 1050 Voto
1108 1041 1118 1054 ,
1141 1015 1266 1050 eaedem
1280 1015 1444 1063 Virgines
1469 1015 1488 1050 ἐι
1516 1015 1579 1050 Pia
1595 1013 1882 1062 Congregatione
1925 1030 1930 1041 ι

407 1064 438 1099 S.
454 1065 568 1106 Juonis
580 1062 814 1098 Patrocinium
837 1062 1080 1100 obtinuerunt;
1106 1063 1137 1098 δι
1153 1062 1231 1108 quia
1243 1065 1434 1099 earumdem
1448 1061 1674 1098 Postulationi
1699 1061 1864 1098 obstare.»

407 1120 542 1157 poterat
557 1109 665 1145 Breve
684 1111 816 1146 Summi
832 1109 1009 1145 Pontificis
1035 1110 1205 1145 Benedicti
1219 1109 1345 1151 XIII.‚
1366 1111 1455 1157 quod
1481 1110 1703 1145 obtinuerant
1728 1111 1869 1145 Sorores

408 1158 542 1195 Trullae
556 1184 567 1199 ,
590 1156 709 1195 Preces
721 1159 842 1194 oblatae
857 1156 992 1193 fuerunt
1005 1157 1225 1195 Sacratiffimo
1245 1157 1393 1204 Principi
1409 1169 1470 1203 pro
1484 1157 1677 1203 aperitione
1692 1157 1773 1192 Oris
1788 1184 1798 1198 ,
1823 1154 1883 1201 qui

408 1204 597 1252 rescripsit:
626 1205 789 1242 Arbitrio
807 1212 883 1242 sac.
900 1208 1175 1251 Congregationis
1188 1206 1327 1250 conelltfj
1339 1219 1412 1242 cum
1423 1204 1655 1248 facultatibus
1670 1203 1883 1249 necessariis·

407 1258 453 1292 ‹9-
468 1256 666 1301 opportunis
689 1256 794 1288 etiam
807 1254 919 1299 quoad
938 1255 1160 1298 aperitionem
1178 1255 1257 1289 oris
1271 1266 1281 1286 ε
1307 1253 1414 1289 Mune
1427 1251 1541 1297 itaque
1551 1250 1680 1287 vocatis
1694 1251 1729 1286 in
1742 1253 1796 1290 Jus
1810 1259 1883 1285 tum

410 1300 599 1336 haeredibus
624 1299 749 1335 Felicis
774 1298 916 1338 Trulli,
943 1306 1013 1333 tum
1034 1299 1246 1336 Monasterio
1269 1300 1304 1337 S.
1329 1300 1448 1336 Mariae
1471 1298 1690 1335 Humilitatis
1711 1297 1815 1334 Urbis
1841 1307 1885 1332 ex

409 1348 548 1392 persona
560 1346 729 1383 Monialis
743 1345 878 1383 Trullae
895 1371 904 1386 ,
931 1356 1001 1382 tum
1024 1346 1186 1384 Therefia
1203 1347 1317 1383 Tralli
1335 1374 1344 1388 ,
1369 1349 1399 1383 &
1417 1347 1506 1388 Julio
1521 1346 1651 1382 Caesare
1669 1345 1752 1380 Vita
1770 1347 1903 1381 Anto-'

397 1394 521 1432 'nellio
537 1395 609 1438 ejus
627 1395 716 1430 Vito
729 1420 739 1433 ,
765 1404 838 1429 tum
860 1392 928 1438 ipsa
942 1394 1332 1431 Archiconfraternitate
1356 1393 1566 1431 Sanfflffimae
1592 1391 1884 1428 Annunciationis

413 1442 543 1523 Urbis,
568 1440 630 1478 IV.
647 1468 658 1482 ,
686 1453 759 1489 quae
783 1441 994 1490 sequuntur,
1017 1442 1137 1478 Dubia
1161 1442 1205 1478 ab
1221 1442 1495 1478 Eminentiffimis
1522 1440 1680 1477 Patribus
1703 1441 1777 1476 sunt
1797 1437 1886 1474 defi-

303 1513 305 1515 ·
410 1500 489 1525 nien
519 1500 537 1523 a
561 1517 569 1525 .

292 1551 312 1568 κ
366 1537 495 1577 1.“ΛΙ]
509 1536 566 1582 stt
590 1539 685 1577 locus
711 1536 930 1587 Aperitioni
945 1539 1034 1576 Oris
1047 1540 1222 1586 adversus
1237 1540 1356 1578 Berve
1375 1539 1512 1586 fimFlae
1530 1548 1665 1575 memor.
1696 1535 1887 1573 Benedir‘li

577 1591 689 1629 XIII.
704 1593 745 1626 in
767 1592 852 1639 casu
877 1588 948 1630 &a
967 1591 1002 1626 &
1018 1601 1196 1640 quatenus
1211 1591 1434 1630 affirimative
1454 1620 1463 1629 .

352 1642 420 1682 ‘11.
447 1642 512 1678 An
539 1643 705 1690 subfidia
736 1644 877 1679 dotalia
895 1669 906 1686 ‚
947 1654 1022 1690 quae
1042 1653 1109 1691 pro
1140 1644 1335 1680 medietate
1361 1642 1628 1691 dtstribuuntur
1645 1641 1844 1678 hareditas
1875 1663 1887 1681 ‚

548 1722 567 1739 2,
580 1699 752 1745 quondam
764 1694 993 1741 Magdalenae
1017 1696 1205 1742 Paganini
1219 1721 1231 1737 ‚
1259 1693 1298 1735 θ’
1311 1701 1431 1744 vf'gore
1444 1695 1533 1733 dt'EZi
1545 1694 1679 1732 Brevis
1687 1694 1774 1741 san.
1791 1702 1892 1729 mem.

549 1742 555 1747 ’
579 1748 769 1785 Βεηεάίδὲι·
786 1746 903 1783 Xlr‘l.
918 1755 1095 1795 apparent
1111 1750 1281 1797 affignata
1291 1748 1448 1794 filiabus
1465 1749 1544 1785 bon.
1561 1758 1624 1783 me.
1642 1743 1777 1782 Felicis
1793 1743 1894 1782 Trul-

574 1799 606 1836 li
618 1801 819 1836 debeantur
838 1800 1065 1845 Virginibus
1083 1802 1127 1837 de
1143 1801 1277 1839 Rubeis
1296 1802 1312 1836 Ξ
1337 1799 1372 1834 8<
1393 1809 1568 1849 quatenus
1583 1795 1794 1835 affirmative
1813 1823 1823 1834 .

369 1849 441 1891 111.
471 1849 536 1887 An
565 1853 606 1887 in
631 1852 744 1900 casu,
770 1860 833 1898 quo
847 1851 883 1887 d.
898 1849 1060 1898 fitbstdia
1076 1863 1144 1888 non
1156 1851 1348 1900 sufficiant
1361 1861 1427 1901 pro
1455 1853 1664 1892 alimentt's‚
1696 1848 1735 1889 ἐς
1750 1847 1893 1884 dotibus

576 1903 749 1940 diflarum
769 1904 972 1949 Virginam
998 1905 1043 1939 de
1065 1904 1203 1942 Rubeis
1224 1929 1235 1945 ‚
1262 1915 1335 1952 quae
1346 1905 1440 1951 sunt
1472 1914 1611 1941 numero
1617 1899 1688 1950 sex
1722 1924 1734 1940 ,
1761 1899 1893 1946 etsdem

573 1953 837 2002 providendum
857 1954 914 2000 fit
938 1963 1003 2003 pro
1025 1956 1272 2005 supplemento
1286 1966 1329 1991 ex
1352 1957 1473 1995 altera
1487 1956 1682 1992 medietate
1695 1951 1894 1987 eorumdem

573 2005 810 2054 subsidiorum
827 2031 839 2049 ν
854 2017 927 2053 ΨΜ
944 2006 1210 2056 distribuuntur
1222 2019 1243 2041 a
1262 2010 1311 2046 V
1307 2005 1799 2052 en.Archic0nfraternitate
1816 2002 1890 2039 SS.

578 2057 823 2095 Annunciatae
836 2058 947 2094 vrbis
960 2085 971 2100 ‚
991 2059 1026 2094 ἃ
1045 2069 1223 2107 quatenus
1246 2059 1412 2104 negative
1429 2059 1472 2095 ad
1487 2058 1524 2095 d.
1542 2057 1591 2093 11.
1609 2054 1761 2091 dubium
1779 2081 1789 2090 .

375 2107 448 2157 RV.
478 2111 544 2148 An
560 2113 598 2149 d.
624 2109 853 2156 Virginibus
868 2110 1158 2160 affignandafint
1174 2114 1210 2150 d.
1213 2109 1376 2157 subsidia
1392 2140 1403 2156 ,
1417 2121 1488 2159 quae
1503 2108 1664 2155 utsupra
1679 2105 1894 2154 dtstribuun-

579 2172 641 2198 tur
664 2161 709 2196 ab
737 2162 855 2197 eadem
876 2161 1303 2212 Archiconfraternitate
1318 2188 1330 2205 ,
1355 2160 1395 2205 ἐς
1406 2167 1446 2201 in
1458 2170 1526 2210 qua
1532 2161 1670 2209 summa
1691 2166 1758 2207 pro
1774 2165 1892 2194 earum

576 2211 740 2260 qualibet
766 2215 806 2248 in
831 2214 917 2262 casu
944 2214 1012 2256 &a

547 2320 737 2375 Dilata
772 2326 838 2377 ad
856 2326 1161 2394 sequentem
1179 2369 1195 2386 .

1737 2699 1842 2752 Die
