1874 2961
1488 119 1506 144 2

59 164 158 199 'cium
172 160 308 205 simplex
320 159 420 194 :innui
438 157 558 194 srussus
573 158 784 194 Ducatorum
798 157 853 193 sex
865 184 874 198 ,
887 159 977 204 quod
990 157 1130 206 uacabat
1144 164 1187 190 ex
1205 155 1303 191 causa
1330 155 1446 191 obitus
1457 116 1531 191 Ca3

66 209 181 246 nonici
197 206 373 242 vincentii
389 205 565 241 ss.1rbar01i
581 234 587 241 .
612 205 720 241 Ratio
734 204 964 251 postulationis
982 214 1053 240 erat
1066 231 1075 242 .
1099 205 1186 250 quod
1199 203 1352 238 redditus
1367 204 1529 239 Praeben-

62 257 113 292 dx
126 256 188 290 sua:
209 252 435 299 Theologalis
461 265 526 287 non
551 253 768 288 ascenderent
781 255 819 287 ad
841 263 950 286 annua
964 251 1111 287 scut.60.
1125 261 1269 286 monet-t:
1286 251 1450 286 Romanas
1465 277 1474 291 ‚
1489 258 1528 285 ut

62 304 96 338 in
117 303 230 336 eadem
244 300 497 336 Constitutione
515 299 692 335 definitum
705 299 768 334 suit
782 323 792 334 .
814 299 953 335 Addidit
972 325 982 340 ,
998 308 1035 333 ut
1055 298 1078 332 si
1104 298 1195 334 secus
1223 296 1341 338 fieret,
1368 299 1398 332 &
1421 296 1528 332 Bene·

61 347 176 384 ficium
201 347 306 383 alicui
338 347 572 387 conferretur,
599 346 787 393 appellabat
812 347 852 380 ad
875 346 940 382 hoc
963 346 1099 382 Sacrum
1120 344 1319 379 Tribunal.
1346 344 1527 390 Episcopus

59 393 268 431 Beneficium
294 394 599 430 contulitVicario
625 395 684 430 suo
710 393 877 429 Generali
895 393 1042 429 Nicolao
1067 391 1305 427 Martinellio:
1333 390 1528 426 Canonicus

58 441 286 488 Theologalis
300 440 488 488 appellavit
501 444 540 477 ad
555 441 787 488 Amplissimos
800 441 912 476 Patres
930 466 939 480 ‚
957 443 989 476 δι
1005 439 1142 476 auditus
1156 439 1219 474 suit
1235 464 1244 477 ,
1268 447 1303 473 ut
1328 435 1415 472 solet
1440 437 1527 472 sem-

58 502 118 536 per
128 515 137 529 ,
156 488 335 534 Episcopus
351 514 361 527 ,
373 488 430 534 qui
445 489 617 536 respondit
630 489 841 524 Canonicum
854 487 1105 535 Theologalem
1122 487 1246 522 habere
1260 484 1428 520 redditum
1442 485 1526 521 scut.

53 543 114 574 60.
128 563 138 578 ‚
149 535 230 582 quia
248 534 401 571 fructibus
413 536 599 572 Praebendae
614 535 838 582 Theologalis
854 534 997 570 addendi
1011 533 1072 568 s1nt
1086 534 1215 570 Ducati
1231 532 1367 568 circiter
1387 532 1527 580 triginta

60 584 188 622 annui,
214 583 269 628 qui
293 595 311 618 a
337 583 474 629 singulis
494 583 679 619 Canonicis
704 582 939 629 percipiuntur
950 593 990 616 ex
1003 582 1162 620 decimis,
1185 582 1215 615 &
1231 591 1311 615 cura
1325 579 1528 619 animarum,

59 641 132 677 quae
159 628 205 665 est
233 630 323 675 apud
351 630 551 675 Capitulum
571 654 582 665 .
606 631 736 665 Contra
759 629 943 665 Palmerius
966 628 1129 664 monstrat
1154 627 1351 673 Episcopum
1383 625 1528 662 nulliter

59 675 238 714 contulisse
253 675 460 712 Beneficium
474 678 517 712 ob
530 677 792 722 appellationem
805 676 847 711 ad
865 677 927 710 hoc
940 673 1253 711 SacrumTribunal
1271 673 1526 720 interpositam:

60 724 215 762 redditus
245 725 494 762 Decimarum,
518 725 549 759 δι
564 724 664 759 Curae
687 736 756 758 non
779 723 949 758 excedere
973 734 1100 758 annuos
1127 723 1284 758 Ducatus
1309 720 1526 767 quindecim,

62 783 130 807 uno
157 781 289 807 tantum
301 782 388 806 anno
412 769 585 807 reddidisse
600 771 760 807 summam
776 797 785 811 ,
809 770 999 816 quamdicit
1011 770 1186 815 Episcopus
1201 796 1210 808 ,
1235 769 1321 814 quod
1351 779 1417 803 non
1445 766 1525 802 satis

61 818 107 854 est
122 844 131 858 ,
157 818 209 853 sed
237 818 363 865 requiri
384 818 606 856 decennium
633 816 672 852 Et
687 817 708 851 si
722 818 789 853 haec
802 815 880 852 esset
895 828 991 852 verus
1003 828 1129 852 annuus
1145 816 1289 851 redditus
1310 814 1408 850 Curae
1420 841 1429 854 ,
1459 825 1528 849 non

62 875 176 901 tamen
190 866 300 901 ullam
322 865 504 901 habendam
519 864 582 900 esse
597 866 763 900 rationem
788 865 884 905 buius
908 864 1056 899 redditus
1073 890 1081 903 ,
1105 864 1185 909 quia
1209 863 1278 898 haec
1304 863 1529 897 emolumenta

65 911 231 957 adscripta
258 913 335 948 sunt
358 912 641 948 distributionibus
656 911 882 959 quotidianis,
906 911 1048 956 ideoque
1062 923 1127 945 non
1151 909 1216 944 esse
1230 910 1415 955 reputanda
1441 909 1529 944 inter

67 958 190 994 studius
205 960 395 996 Praebendae
410 959 636 1007 Tgeologalis
648 986 658 999 ,
678 958 754 1006 quia
769 971 808 995 ea
822 959 932 1004 capiat
955 968 1122 1003 tamquam
1148 956 1343 1002 stipendium
1368 955 1503 990 servitii
1518 983 1529 996 ,

69 1018 138 1041 non
152 1018 237 1042 vero
261 1008 310 1043 uti
326 1006 450 1042 fructus
464 1008 650 1043 Praebendae
664 1007 727 1042 suae
742 1035 749 1041 .
768 1007 854 1051 Qu:
869 1008 987 1041 habeat
1004 1005 1177 1040 Promotor
1191 1003 1332 1039 Fiscalis
1346 1028 1356 1043 ‚
1378 1003 1412 1038 8<
1428 1002 1529 1037 Vica-

70 1053 138 1088 rius
151 1053 386 1090 Martinellius
400 1054 592 1101 ignoramus
605 1083 615 1096 ,
635 1065 713 1089 cum
733 1054 820 1089 nihil
837 1053 879 1087 ab
889 1054 927 1088 iis
941 1053 1097 1089 hactenus
1111 1052 1321 1088 habuerimus
1348 1071 1359 1084 ·
1388 1049 1505 1085 Dubia
1519 1078 1530 1091 ‚

70 1113 146 1148 qua:
161 1110 398 1150 proponuntur
411 1128 421 1142 ‚
446 1103 511 1136 duo
525 1101 600 1137 sunt
614 1125 624 1136 .

21 1151 54 1188 Ἰ.
78 1152 135 1186 An
151 1151 305 1194 'Provtfio
323 1176 333 1190 ‚
359 1154 402 1186 cf>
417 1151 602 1196 respec‘iive
620 1147 762 1194 Poffiefflo
775 1147 979 1191 controvers?
991 1147 1247 1189 Beneficiifabla
1273 1143 1314 1180 ab
1327 1143 1482 1191 Episcopo
1495 1148 1531 1181 in

206 1196 424 1238 exclusionem
439 1197 590 1232 moderni
607 1197 760 1231 canonici
774 1197 928 1243 Theologi
941 1194 1084 1237 Ecclesiae
1101 1194 1290 1240 Collegiat.c
1306 1191 1531 1236 Samen-sub-

202 1244 372 1285 stineatur
387 1246 420 1279 in
435 1244 509 1286 casu
523 1247 596 1280 ὠς.
615 1254 625 1280 ;
651 1242 682 1277 ἃ
695 1251 860 1287 quatenus
872 1242 1026 1289 negative
1038 1265 1048 1276 .

31 1291 77 1330 II.
103 1292 160 1329 An
174 1294 261 1329 idem
275 1291 470 1333 Beneficium
483 1316 492 1329 ,
515 1292 554 1325 de
567 1302 631 1336 quo
641 1293 757 1336 agitur
770 1315 781 1328 ,
806 1288 1032 1332 uniendumfit
1044 1286 1231 1323 Praehendae
1247 1287 1534 1334 Theologaliprae-

205 1337 289 1374 dim
310 1339 462 1375 Canonici
479 1338 636 1382 Theologi
660 1340 693 1372 in
709 1337 783 1380 cafit
799 1341 874 1374 &a

192 1449 286 1500 Ad
307 1449 348 1501 I.
375 1447 709 1500 Affirmative
729 1483 742 1508 ‚
771 1450 821 1499 ὃ(
858 1445 1088 1514 amplius
1108 1482 1119 1494 .
1158 1442 1248 1495 Ad
1282 1443 1354 1495 ΙΙ.
1400 1459 1529 1512 pro-

93 1519 268 1571 visum
287 1520 340 1568 in
362 1519 539 1586 primo
559 1555 571 1567 .

125 1625 440 1662 LIBINTlLIEN.
466 1625 739 1667 ORATORIJ:
767 1626 821 1660 Ad
838 1622 1076 1671 Amplissimos
1089 1621 1203 1658 Patres
1224 1620 1448 1666 confugerunt
1472 1619 1534 1654 Pa-
1562 1613 1801 1658 sess-zzdecr.

5 1717 11 1720 Α
135 1674 254 1713 schalis
270 1673 460 1708 Galeanius
477 1699 487 1712 ,
513 1674 545 1707 &
556 1672 743 1715 Caietanus
759 1672 938 1718 Fenoglius
954 1669 1060 1705 Cives
1087 1667 1393 1705 Albintimilienses
1413 1668 1533 1703 adver-
1563 1665 1601 1698 de
1613 1663 1798 1706 observ-&⁴

5 1721 9 1725 ’
65 1727 118 1762 sus
132 1719 339 1769 Episcopum
355 1719 444 1755 illius
458 1719 631 1756 Ecclesiae:
661 1721 706 1754 Hi
734 1719 894 1765 sanguine
907 1716 1074 1760 conjunffl
1087 1743 1097 1756 ‚
1119 1714 1214 1751 causa
1229 1715 1297 1750 fere
1310 1713 1425 1750 similis
1437 1741 1446 1754 ‚
1473 1713 1533 1748 nisi
1564 1713 1684 1748 evit-in
1697 1707 1802 1745 celeb.

64 1770 154 1821 quod
178 1769 295 1803 durior
313 1767 414 1803 fuerit
429 1767 589 1809 Caietani
606 1766 746 1813 Fenogli
759 1764 931 1800 conditio:
959 1762 1139 1798 Disiunctis
1152 1765 1267 1807 itaque
1281 1761 1384 1797 causis
1397 1764 1436 1796 de
1449 1772 1534 1795 uno-

64 1828 200 1868 quoque
215 1826 351 1862 agemus
364 1828 374 1848 :
395 1815 435 1849 de
448 1814 616 1850 Galeanio
630 1815 736 1861 prima
747 1814 818 1848 haec
830 1812 895 1849 est;
910 1811 1047 1857 sequens
1060 1811 1124 1845 erit
1136 1812 1176 1845 de
1186 1808 1356 1854 Fenoglio
1368 1832 1379 1843 .
1406 1808 1535 1842 Narrat

67 1864 260 1903 Galeanius
276 1861 458 1898 obtinuisse
475 1863 516 1896 ab
528 1862 672 1908 Optimo
686 1858 851 1896 Pontifice
875 1859 1054 1894 Clemente
1075 1856 1143 1891 XI.
1165 1855 1372 1892 infirmitatis
1392 1854 1536 1890 Causa,

69 1911 295 1964 privilegium
314 1909 439 1956 privati
455 1909 595 1944 Oratori
609 1919 681 1944 tum
695 1907 781 1943 Ruri
795 1934 805 1946 ,
829 1916 900 1941 tum
914 1906 949 1940 in
962 1904 1074 1939 Urbe:
1103 1903 1315 1938 Confirmata
1331 1903 1538 1941 valetudine,

69 1956 313 2002 contractisque
335 1956 463 2001 nuptiis
486 1967 563 1990 cum
576 1955 689 1991 Maria
703 1954 860 1989 Faustina
881 1952 1026 1997 Fenogli
1040 1977 1050 1991 ,
1076 1950 1255 1986 obtinuisse
1280 1962 1296 1985 a
1317 1949 1539 2000 Clemente.-

66 2009 153 2045 ΧΗ.
171 2004 335 2041 Pontifice
349 2003 506 2039 Maximo
520 2015 646 2039 nouum
661 2001 884 2047 Privilegium
898 1997 1086 2034 absolutum
1097 1997 1246 2032 Oratorii
1272 1996 1399 2041 privati
1415 2022 1426 2036 ‚
1448 1995 1537 2041 quod

70 2054 249 2093 nobilibus
261 2052 405 2087 concedi
422 2051 506 2085 solet
521 2076 531 2090 ‚
553 2061 619 2096 quo
634 2049 1003 2095 comprehendebantur
1015 2070 1026 2083 ,
1046 2045 1077 2080 &
1090 2044 1190 2080 Uxor
1203 2071 1213 2084 ,
1238 2045 1272 2079 8<
1298 2043 1381 2078 Filii
1400 2070 1411 2084 ,
1433 2042 1540 2092 quod·

71 2116 137 2151 que
162 2108 368 2146 exequutum
382 2097 447 2133 fuit
461 2097 504 2132 ab
518 2109 559 2133 eo
572 2123 582 2136 ‚
606 2099 666 2144 qui
680 2106 760 2132 tunc
775 2093 928 2131 Ecclesiae
951 2101 1112 2139 praeerat,
1133 2091 1296 2143 Episcopo
1310 2115 1321 2126 .
1345 2090 1539 2135 Ampliavtt

74 2151 153 2187 inde
168 2147 268 2184 AEdes
293 2145 364 2181 suas
375 2144 562 2181 Galeanius
574 2171 585 2183 ‚
608 2147 641 2180 8<
657 2145 691 2179 in
703 2142 870 2189 aptiorem
884 2167 895 2184 ‚
922 2152 960 2174 ac
972 2140 1236 2175 commodiorem
1251 2139 1366 2174 locum
1379 2135 1540 2172 transfer-

73 2211 109 2234 re
132 2198 244 2232 voluit
258 2194 459 2229 Oratorium
475 2219 485 2232 ,
509 2190 717 2237 aedificioque
743 2189 894 2224 absoluto
911 2214 922 2229 ,
942 2187 1048 2234 petiit
1073 2187 1117 2221 ab
1142 2186 1308 2232 Episcopo
1325 2183 1539 2234 Benedictio·-

75 2257 154 2281 nem
170 2271 181 2284 ,
204 2245 237 2278 8<
263 2240 353 2276 sacra
375 2240 410 2274 in
431 2252 473 2276 eo
494 2239 632 2274 habendi
655 2239 810 2272 veniam.
835 2235 990 2281 Negavit
1015 2233 1192 2279 Episcopus
1218 2230 1359 2267 offensus
1384 2229 1539 2265 Familiis

70 2291 246 2329 Galeaniae
259 2315 268 2327 ,
295 2290 326 2324 &
340 2287 514 2334 Fenogliae
528 2299 569 2322 ex
582 2285 694 2320 Causa
713 2286 785 2319 aaa
799 2284 834 2319 in
850 2285 920 2318 Sac.
935 2280 1209 2327 Congregatione
1225 2279 1369 2330 Rittium
1381 2280 1424 2312 ob
1438 2287 1537 2328 tran-

71 2340 253 2374 slationem
265 2363 275 2375 ‚
304 2347 404 2382 quam
418 2334 485 2379 ipse
500 2334 614 2369 facere
635 2334 792 2368 voluerat
809 2330 876 2365 diei
891 2329 976 2364 Festi
990 2330 1023 2363 S.
1037 2327 1180 2362 Secundi
1194 2326 1356 2362 Civitatis
1370 2325 1511 2359 Patrom
1527 2346 1537 2356 .

72 2386 238 2433 Confugit
260 2382 366 2429 igitur
379 2381 562 2417 Galeanius
578 2382 616 2415 ad
630 2381 692 2415 hoc
705 2379 846 2414 Sacrum
857 2376 1029 2411 Tribunal
1045 2401 1066 2426 ,¹
1078 2375 1109 2409 &
1123 2373 1252 2424 auditus
1263 2372 1447 2425 Episcopus
1474 2369 1537 2405 res-

73 2433 193 2479 pondit
212 2431 424 2467 Galeanium
448 2429 535 2468 vili,
560 2426 758 2473 sordidaque
783 2434 971 2460 mercatura
994 2422 1160 2457 addictum
1182 2420 1407 2465 Privilegium
1438 2418 1501 2468 boe
1526 2444 1537 2459 ,

75 2481 164 2522 quod
188 2478 361 2514 nobilibus
379 2479 553 2511 dumtaxat
577 2474 772 2521 indulgetur
786 2498 796 2512 ,
817 2483 882 2506 non
896 2470 1016 2506 mereri
1030 2495 1038 2503 .
1067 2470 1151 2504 Haec
1165 2467 1264 2518 causa
1279 2493 1290 2506 ‚
1313 2478 1385 2513 quse
1399 2475 1537 2500 etiam.)

75 2526 244 2570 Fenoglio
255 2526 441 2560 communis
465 2523 511 2558 est
523 2548 533 2561 ,
563 2530 601 2557 ut
624 2520 735 2556 statim
748 2519 899 2555 dicemus
913 2544 922 2556 ,
948 2516 1060 2560 potior
1083 2515 1129 2550 est
1142 2525 1293 2549 omnium
1307 2541 1317 2554 ‚
1341 2523 1528 2563 quas-pro-

75 2563 404 2620 ponit⁸Episcopu93
427 2579 554 2606 caeterae
577 2567 739 2614 siquidem
760 2578 831 2601 non
855 2564 944 2600 tanti
971 2564 1068 2602 sunt,
1093 2572 1130 2597 ut
1153 2561 1293 2596 debeant
1321 2559 1462 2596 referri.
1487 2559 1538 2592 At

74 2619 254 2667 respondet
265 2618 446 2654 Galeanius
462 2616 700 2664 exceptionem
721 2614 785 2648 hac
799 2639 809 2652 ,
829 2612 852 2647 fi
864 2623 943 2647 vera
967 2609 1046 2645 esset
1059 2635 1069 2649 ,
1091 2608 1178 2643 nihil
1191 2609 1232 2644 ad
1244 2620 1317 2645 rem
1331 2606 1500 2656 pertinere
1525 2616 1537 2642 3

75 2680 143 2705 non
170 2668 260 2701 enim
286 2665 355 2700 hie·
363 2665 475 2712 agitur
489 2691 500 2706 ‚
526 2673 564 2698 ut
587 2662 797 2708 inquiramus
818 2687 828 2700 ,
857 2672 900 2694 an
914 2657 1070 2694 Pontifex
1093 2656 1196 2690 fuerit
1208 2657 1366 2701 deeeptus
1382 2652 1537 2688 assertiva

76 2713 271 2751 nobilitatis
285 2738 295 2752 ,
320 2713 350 2747 &
364 2715 407 2747 ob
419 2713 563 2757 idneget
575 2708 756 2756 Episcopus
770 2707 892 2754 exequi
908 2706 1020 2740 literas
1034 2701 1235 2754 pontificias
1249 2729 1260 2742 ,
1283 2701 1340 2749 qui
1354 2700 1446 2736 casus
1462 2707 1538 2732 erat

79 2763 114 2797 in
128 2768 252 2799 Fanen·
264 2762 416 2796 oratorii
429 2759 507 2795 data
521 2759 557 2796 in
571 2757 664 2796 Folio
681 2756 956 2804 Congrcgationis
969 2751 1094 2833 hagtae
1111 2753 1165 2787 die
1180 2761 1226 2798 ¹4-
1243 2750 1330 2796 Μαί]
1352 2752 1471 2826 1746ῗ
1482 2743 1538 2825 ssed

221 2811 402 2844 Tum-XVI·
1461 2802 1477 2825 e
