1883 2907
375 105 482 154 scopo
496 107 666 154 praefinito
683 116 845 158 tempore
864 113 1092 153 celebrandi:
1123 117 1321 168 eodemque
1338 119 1460 157 ediSto
1486 135 1610 165 omnes
1642 130 1758 176 clare,
1791 133 1828 170 &

375 169 495 204 aperte
511 170 747 205 moneantur,
765 173 803 199 ut
816 167 958 201 interim
972 168 1182 207 decurrente
1200 173 1353 207 termino
1374 171 1547 219 assignato
1563 205 1574 221 ‚
1591 193 1710 218 coram
1729 184 1830 220 Can.

374 209 520 245 ccllario
536 210 743 258 Episcopali
758 243 769 258 ‚
800 218 852 252 vel
871 218 985 256 altero
1002 220 1048 257 ab
1068 222 1250 270 Episcopo
1277 223 1502 272 deputatum,
1538 228 1675 269 suarum
1704 237 1829 284 quali-

370 270 482 295 tatum
496 288 506 304 ,
522 264 728 299 meritorum
747 293 758 308 ,
774 268 808 303 8<
823 281 1004 307 munerum
1020 276 1252 319 probationes
1275 303 1283 317 ‚
1299 275 1543 315 attestationes
1578 292 1648 318 tam
1672 287 1826 329 judicia-

370 310 420 344 les
438 337 449 353 ,
465 325 568 360 quam
585 315 871 362 extrajudiciales
887 348 897 363 ,
917 322 1057 371 aliaque
1073 326 1108 361 id
1125 338 1239 371 genus
1254 328 1468 366 documenta
1486 358 1497 374 ,
1526 346 1604 381 quae
1620 335 1742 375 fraude
1760 352 1825 376 va-

365 373 446 397 cent
462 390 471 405 ,
489 366 698 406 exhibeant:
726 370 901 418 Alioquin
916 373 951 410 d.
968 377 1120 412 termino
1136 379 1259 424 elapso
1273 377 1489 418 documenta
1506 384 1710 429 hujusmodi
1727 403 1825 439 quaef

367 426 517 462 tumque
533 443 543 458 ,
563 417 596 451 8<
615 419 891 470 qualiacumque
906 436 947 460 ea
962 424 1026 463 lint
1041 455 1051 472 ,
1071 430 1274 467 nullatenus
1290 431 1512 478 recipientur
1527 463 1536 473 .

417 465 481 501 lll.
537 468 730 504 Evenientc
745 471 802 507 die
817 477 1006 513 concursus
1021 507 1032 523 ‚
1064 493 1083 516 a
1101 483 1333 519 Cancellario
1354 483 1564 532 Episcopali
1595 489 1815 538 singulorum

363 517 488 551 merita
505 542 515 557 ‚
544 519 739 564 qualitates
754 549 763 565 ,
796 525 828 560 8<
848 528 1014 576 requifita
1041 533 1117 580 (ut
1134 545 1264 572 vocant
1282 536 1300 583 )
1326 535 1536 583 incorrupta
1563 540 1631 577 fide
1645 543 1820 593 deprom-
1855 559 1860 564 ·

367 576 425 610 pta
442 580 460 601 a
472 568 614 612 juribus
635 580 797 618 tempore
811 576 922 614 habili
939 583 1110 622 exhibitis
1123 613 1134 629 ,
1154 587 1188 622 in
1206 586 1349 634 scriptis
1366 586 1563 625 summatim
1587 593 1816 641 redigantur:

362 616 474 654 Porro
491 621 596 667 copia
612 619 797 668 Epitomes
814 631 975 669 tradetur
991 647 1059 672 non
1078 636 1188 673 solum
1206 637 1387 685 Episcopo
1400 668 1411 684 ‚
1443 641 1498 676 vel
1529 643 1682 681 Vicario
1699 649 1816 685 Gene-

359 668 423 702 rali
453 670 548 705 vices
576 672 675 708 illius
707 676 853 716 obeunti
871 708 882 724 ‚
912 683 968 720 sed
994 686 1201 735 singillatim
1231 691 1399 727 omnibus
1428 691 1741 737 Examinatoribus
1771 700 1820 737 ad.

359 721 566 756 concursum
581 722 725 763 adscitis
739 755 750 770 ‚
781 740 818 766 nt
835 735 966 771 cumde
983 738 1129 777 scientia
1145 767 1155 784 ‚
1185 751 1258 778 tum
1276 742 1320 777 de
1337 743 1412 778 vita
1427 770 1438 786 ‚
1466 745 1626 783 moribus
1642 775 1654 793 ,
1670 750 1819 801 aliisque

360 774 519 816 regenda:
537 773 697 812 Ecclefiae
713 782 911 822 necessariis
924 788 1073 828 dotibus
1085 791 1207 830 ferant
1218 793 1396 841 judicium
1411 823 1421 833 .
1754 840 1757 843 Δ

406 823 479 860 IV.
535 825 606 862 Die
624 828 817 873 praestituta
833 836 877 870 ab
893 837 1076 889 Episcopo
1093 844 1266 882 habeatur
1290 845 1479 884 concursus
1494 875 1505 891 ,
1537 849 1673 890 servata
1703 867 1814 893 accu-

356 882 432 909 rate
445 875 479 909 in
495 876 658 912 omnibus
674 879 786 918 forma
800 888 934 924 tradita
950 890 984 927 in
1002 893 1106 941 supra
1123 897 1247 933 relatis
1264 897 1399 933 Literis
1425 911 1517 936 anno
1540 911 1646 950 172¹·
1678 908 1785 944 editis
1798 935 1812 952 ι

354 934 506 974 totaque
524 939 638 962 rerum
655 931 689 966 in
707 944 749 968 eo
764 934 940 980 gestarum
958 941 1063 983 series
1080 946 1223 995 scriptIs
1235 947 1429 994 diligenter
1443 955 1652 990 enucleetur
1667 986 1676 995 .
1697 958 1814 995 Porro

356 974 627 1015 Examinatores
641 983 684 1017 ad
700 985 944 1035 assequendam
963 1005 1111 1041 certam,
1130 1000 1164 1035 8<
1181 1000 1367 1036 indubiam
1383 1002 1624 1050 conjetsturam
1640 1006 1811 1054 scientiae,

355 1027 540 1076 postquam
557 1030 748 1078 diligenter
761 1041 972 1086 expedirent
989 1046 1212 1095 singulorum
1229 1052 1394 1099 peritiam
1411 1054 1444 1090 in
1462 1057 1811 1110 evolvend0,expli-

353 1079 538 1128 candoque
551 1094 720 1121 oretenus
739 1089 864 1138 aliquo
880 1093 1132 1137 Ecclefiasticae
1151 1102 1337 1139 DoL-'trinae
1352 1106 1487 1151 capite,
1507 1108 1562 1144 vel
1581 1120 1601 1144 a
1620 1110 1810 1149 SS.Patri··

355 1129 418 1165 bus
434 1157 444 1173 2
462 1132 518 1167 vel
534 1145 552 1168 a
569 1133 607 1170 S.
622 1135 737 1175 Cone.
754 1141 858 1181 Trid.
874 1171 885 1188 ,
906 1148 959 1182 vel
979 1161 998 1184 a
1015 1151 1272 1190 Cathechismo
1287 1153 1456 1192 Romano
1470 1169 1642 1207 excerpto
1658 1187 1670 1204 ,
1688 1162 1730 1199 ac
1749 1176 1809 1211 pa-

350 1182 380 1216 ri
395 1182 588 1229 diligentia
603 1186 834 1229 liberaverint
850 1208 869 1231 a
881 1199 1047 1246 quolibet
1060 1204 1193 1251 scripto
1209 1205 1311 1241 datas
1337 1207 1577 1256 responsiones
1602 1213 1805 1261 quaestioni-

335 1270 337 1273 Α
352 1233 418 1268 bus
436 1235 630 1282 propofitis
648 1252 658 1282 ;
690 1240 737 1277 Et
751 1244 939 1295 postquam
955 1251 1094 1290 demum
1112 1256 1407 1304 deprehenderint
1421 1272 1491 1308 qua
1504 1262 1655 1312 quisque
1668 1266 1808 1314 polleat

349 1287 530 1330 gravitate
545 1286 794 1330 sententiarum
807 1324 818 1340 ‚
852 1300 887 1335 8<
903 1300 1079 1348 elegantia
1096 1307 1263 1345 sermonis
1279 1309 1314 1343 in
1330 1312 1566 1350 conciuncula
1591 1315 1726 1365 scripto
1748 1329 1809 1366 pa·

350 1338 434 1373 riter
449 1348 595 1376 exarata
608 1368 618 1384 ,
640 1341 674 1376 8<
693 1342 827 1384 Textui
845 1349 1066 1399 Evangelico
1082 1385 1092 1401 ,
1112 1360 1167 1394 vel
1183 1360 1296 1395 altero
1310 1360 1397 1397 dato
1416 1362 1584 1403 Themati
1601 1379 1807 1405 accommo-

348 1387 433 1423 data
450 1401 458 1424 :
478 1389 613 1434 Parem,
633 1392 670 1427 ni
686 1394 777 1432 forte
795 1403 961 1449 majorem
978 1404 1154 1445 solertiam
1173 1410 1446 1450 Examinatores
1463 1416 1653 1455 adhibeant
1672 1421 1707 1455 in
1725 1432 1808 1468 per-

350 1438 544 1476 scrutandis
560 1444 639 1479 aliis
653 1447 892 1492 qualitatibus
907 1481 918 1497 ‚
948 1459 1113 1503 regimini
1142 1463 1338 1499 animarum
1368 1465 1638 1506 consentaneis:
1661 1483 1798 1509 morum

349 1491 563 1529 honestatem
574 1495 755 1543 inquirant
769 1527 779 1544 ‚
795 1506 1013 1549 gravitatem
1027 1536 1038 1553 ,
1058 1512 1296 1558 prudentiam,
1313 1514 1468 1563 praestita
1482 1518 1655 1556 haGtenus
1670 1521 1796 1558 Eccle-

346 1541 399 1578 fiae
415 1542 598 1591 obsequia,
617 1549 822 1596 acquilitam
838 1558 870 1591 in
887 1556 969 1596 aliis
983 1563 1186 1599 muneribus
1202 1565 1342 1601 laudem
1357 1594 1368 1610 ,
1389 1569 1532 1617 aliaque
1549 1570 1800 1619 spectabilium

346 1596 518 1632 virtutum
534 1608 754 1645 ornamenta,
771 1604 956 1646 Doarinae
971 1613 1070 1649 arcto
1086 1614 1217 1652 foedere
1231 1616 1478 1656 consocianda:
1495 1622 1614 1671 hisque
1626 1625 1799 1660 omnibus

328 1644 568 1691 ·conjt1n6'tim
584 1652 744 1698 expensis
760 1681 771 1698 ‚
788 1657 962 1699 inhabiles
976 1675 1041 1713 per
1056 1665 1114 1704 sua
1130 1665 1294 1716 suffragia
1310 1671 1527 1721 reiiciant,&
1545 1674 1695 1712 idoneos
1710 1676 1800 1726 Epi·-

343 1698 449 1745 scopo
465 1701 666 1738 renuntient
681 1732 690 1740 .
1249 1716 1252 1718 ’

395 1751 446 1786 V.
503 1751 682 1790 Absoluto
698 1763 871 1799 concursu
886 1767 931 1802 ab
945 1767 1142 1821 Episcopo,
1162 1774 1232 1817 vel,
1250 1787 1292 1811 eo
1307 1775 1494 1825 impedito,
1511 1793 1531 1816 a
1547 1781 1703 1818 Vicario
1717 1779 1794 1817 Ge-

342 1801 454 1838 nerali
468 1811 535 1837 una
551 1815 629 1839 cum
650 1807 966 1856 Examinatoribus
982 1821 1227 1871 Synodalibus
1244 1839 1312 1862 non
1331 1831 1579 1876 paucioribus,
1597 1844 1701 1881 quam
1724 1834 1794 1868 tri·

341 1854 406 1888 bus
422 1880 433 1896 ς
450 1855 575 1889 notula
589 1861 854 1905 compendiaria
871 1871 1113 1918 requifitorurn
1127 1887 1230 1913 antea
1246 1878 1435 1917 distributa
1461 1885 1623 1919 tradatur
1640 1881 1798 1920 Cancel-

342 1907 432 1940 lario
447 1930 457 1946 ‚
486 1906 548 1952 qui
565 1907 662 1942 illam
673 1914 859 1952 comburat
873 1945 883 1960 ⁵
902 1923 957 1957 vel
972 1935 1075 1969 penes
1091 1925 1171 1963 aaa
1197 1929 1332 1966 secreto
1364 1932 1544 1970 custodiat
1559 1961 1571 1977 ‚
1601 1935 1636 1971 &
1654 1937 1786 1970 nemini

342 1955 527 1996 ostendat,
554 1957 616 1992 nisi
629 1959 672 1995 de
686 1966 854 2002 mandato
873 1970 1078 2022 Episcopi,
1096 1979 1151 2014 vel
1166 1980 1242 2027 ejus
1261 1982 1406 2020 Vicarii
1421 1985 1610 2022 Generalis
1629 2014 1638 2022 .
1659 1985 1792 2022 Subin-

341 2006 382 2040 de
400 2019 483 2042 vero
500 2008 740 2058 Ordinariu8‚
771 2029 850 2054 cum
865 2024 1017 2068 primum
1033 2028 1065 2062 ei
1081 2028 1228 2067 libuerit
1241 2059 1252 2076 ,
1275 2034 1393 2080 eligat
1421 2047 1464 2071 ex
1481 2039 1657 2084 approba.
1669 2039 1699 2073 is
1715 2038 1787 2075 Di·-

343 2059 502 2102 gniorem
519 2084 530 2099 ‚
560 2063 693 2098 necilli
722 2068 882 2115 poffeffio
909 2074 984 2111 ullo
1008 2081 1260 2128 appellationis
1278 2111 1289 2128 ,
1321 2087 1376 2123 vel
1393 2087 1619 2127 inhibitionis
1634 2089 1788 2126 obtentu

341 2108 540 2143 retardetur
557 2138 565 2147 ,

378 2159 463 2214 'VI-
516 2160 554 2195 Si
569 2175 672 2211 quem
685 2170 913 2211 Clericorum
930 2182 1116 2227 appellare
1130 2188 1331 2234 contigerit
1360 2202 1380 2226 a
1397 2192 1489 2226 mala
1510 2192 1683 2228 relatione
1700 2203 1785 2228 exa-

337 2219 552 2246 minatorum
572 2241 582 2256 2
610 2218 667 2251 vel
683 2221 727 2255 ab
741 2225 980 2265 irrationabili
1001 2234 1140 2275 judicio
1154 2237 1351 2285 Episcopi:
1383 2252 1500 2277 coram
1517 2243 1646 2288 judice
1664 2243 1791 2291 appel-

335 2259 481 2296 lationis
496 2262 573 2300 a5la
587 2277 775 2309 concurlus
794 2277 934 2325 integra
948 2287 1094 2321 omnino
1111 2288 1312 2334 producat:
1331 2290 1377 2328 Et
1390 2291 1508 2337 Judex
1524 2294 1584 2329 nifi
1597 2295 1670 2330 illis
1688 2293 1785 2336 vifis,

335 2311 370 2344 8<
387 2317 590 2367 gravamine
603 2330 787 2371 comperto
802 2353 812 2369 ‚
844 2328 1049 2371 sententiam
1068 2350 1137 2373 non
1155 2341 1392 2386 pronunciet-
1420 2345 1593 2381 Praeterea
1619 2347 1654 2381 in
1679 2345 1793 2380 feren-

335 2360 380 2395 da
394 2364 565 2404 sententia
580 2397 591 2413 ‚
622 2383 662 2408 ac
678 2380 877 2423 reparando
889 2389 1098 2428 gravamine
1113 2389 1333 2439 idem-ludex
1362 2395 1534 2435 innitatur
1560 2395 1786 2433 solummodo

334 2413 612 2457 probationibus
628 2425 673 2460 ab
688 2426 788 2469 >ιιξὶίς
821 2432 956 2471 elicitis
986 2445 1058 2473 tam
1089 2440 1251 2486 respeetu
1280 2443 1450 2483 doetrinae
1467 2474 1478 2490 ,
1507 2460 1614 2497 quam
1631 2449 1783 2484 aliorum

335 2467 541 2504 meritorum
559 2499 568 2508 .
599 2474 700 2527 Qa
715 2492 802 2517 vero
820 2494 838 2517 a
856 2485 1028 2531 pubblica
1045 2490 1241 2529 indifitione
1259 2494 1367 2544 usque
1397 2497 1441 2533 ad
1456 2500 1547 2538 diem
1565 2500 1678 2536 habiti
1695 2509 1783 2536 con-

435 2567 440 2571 .
638 2538 688 2561 ‘³¹1³
697 2536 795 2575 poris
811 2535 1000 2574 interceffit
1018 2567 1028 2582 ‚
1056 2553 1228 2590 quantum
1256 2546 1339 2583 satis
1369 2549 1436 2585 fuit
1470 2551 1658 2587 commode
1689 2550 1787 2586 exhi-

336 2562 459 2602 bendis
473 2573 819 2626 necefl'ariisjuribus
839 2613 849 2628 ‚
876 2587 1167 2631 attestationibus
1183 2623 1193 2639 ,
1224 2598 1397 2646 requisitis
1419 2626 1430 2642 ,
1464 2603 1613 2651 aliisque
1644 2602 1787 2638 metito-

331 2625 406 2651 1um
422 2617 643 2672 documentis
664 2640 672 2662 ²
704 2631 842 2673 Idcirco
860 2663 869 2681 ,
905 2648 943 2674 ut
960 2645 1177 2692 quaevistvis
1193 2647 1382 2687 fraudibus
1408 2654 1646 2702 praecidatur,
1682 2652 1788 2688 volu·-

1691 2718 1782 2743 mus.
