1883 2907
349 147 513 229 ⁴Eq'piscopi
548 203 559 216 ‚
587 184 625 211 ut
652 167 857 216 Rostagnius
882 161 1195 202 excommunicatus
1220 157 1455 210 declararetur
1473 183 1484 199 ‚
1519 159 1705 209 Episcopus
1729 163 1783 201 rei

359 230 456 271 hujus
473 224 709 271 cognitionem
724 217 819 254 dedit
834 214 980 251 Vicario
998 207 1309 261 Foraneo-eiuidem
1324 206 1473 258 Oppidi,
1496 219 1554 254 qu1
1573 220 1701 255 1„wi
1727 212 1786 254 ju-

360 274 474 311 diciali
501 272 652 307 Processu
669 296 679 310 ,
705 268 735 302 &
765 263 890 299 auditis
916 259 1078 296 Testibus
1102 284 1111 297 ,
1139 258 1338 291 sententiam
1364 253 1447 289 tulit
1470 280 1481 294 ‚
1508 267 1574 302 qua
1596 259 1792 295 declaravit

361 318 588 368 Rostagnium
602 313 752 353 incidisse
777 313 811 347 in
823 305 1216 347 excommunicationem
1235 303 1390 336 indiciam
1421 301 1456 336 in
1474 303 1687 352 Cam-siquis
1711 309 1791 350 sua-

363 373 462 407 dente
483 380 492 403 1
525 392 535 402 .
549 365 660 413 quaest.
674 373 706 403 4,
723 361 866 405 Ideoque
882 358 1081 392 relaxandos
1094 352 1156 387 esse
1177 351 1355 387 cedulvnes
1371 376 1381 400 ³
1405 350 1463 396 qui
1483 352 1579 391 iuxta
1596 362 1726 388 morem
1739 353 1785 388 ad

361 417 480 453 valvas
496 378 647 450 {eclesiae
661 405 868 444 Parocliialis
890 403 983 439 affixi
1003 401 1139 436 fuerunt
1154 422 1164 432 .
1191 396 1398 444 Appellavit
1413 396 1616 444 Rostagnius
1643 402 1686 436 ab
1714 401 1783 436 hac

362 463 530 500 sententia
548 460 587 494 ad
611 460 677 493 hoc
699 458 837 491 Sacrum
861 449 1053 486 Tribunal,
1081 449 1112 482 δι
1141 445 1298 496 l'lufleffz
1319 452 1356 477 ut
1384 443 1460 479 fieri
1485 445 1592 487 solet,
1617 447 1792 484 absolutus

365 511 431 546 suit
451 520 526 545 cum
547 502 774 542 reincidemia
788 528 797 541 ,
819 499 850 534 δι
869 495 1059 533 transmisso
1083 496 1148 538 jam
1176 491 1220 526 ab
1239 489 1400 536 Episcopo
1425 491 1576 529 Process‘u
1601 495 1760 539 judiciali
1775 520 1788 536 ‚

365 561 404 594 de
421 557 552 595 viribus
579 551 811 587 Censurarum
841 557 955 582 coram
980 540 1204 590 Ainpliflimis
1230 537 1387 591 Patribus
1410 539 1599 578 instituitur
1618 553 1711 578 nunc
1737 541 1793 576 di-

364 606 382 640 s
401 605 539 640 utatio.

320 618 404 689 Haeic
419 652 548 687 summa
573 646 622 683 est
648 645 787 690 libelli,
815 653 915 690 quein
933 638 1037 675 dedit
1061 634 1288 688 Rostagnius:
1317 632 1504 669 Nullitatis
1526 635 1618 672 vitio
1634 635 1797 672 infectam

367 698 429 737 effe
444 695 680 733 Sententiam:
708 695 828 728 ‘Primo
857 688 993 724 defectu
1025 685 1284 735 iurisdietionis,
1312 693 1378 727 qua
1404 691 1499 717 caret
1515 683 1672 719 Vicarius
1685 682 1798 719 Fora—

367 758 448 783 neus
463 772 473 786 ,
498 743 554 780 cui
567 741 725 789 gravium
739 737 927 775 Causarum
941 732 1094 780 cognitio
1107 731 1254 766 mandari
1266 739 1408 779 nequit,
1421 737 1458 764 ut
1473 728 1579 766 habet
1596 728 1794 767 Cara'inalis

369 797 408 830 de
424 801 512 830 Luca
527 793 565 827 de
583 790 769 834 7urisdi5i.
785 788 865 831 disc.
879 794 933 824 23.
948 790 1015 817 n.2.
1029 781 1070 816 Et
1085 780 1161 815 ideo
1174 790 1250 814 cum
1263 775 1372 812 Causa
1393 775 1504 812 isthaec
1522 778 1715 823 gravissima
1743 775 1798 812 es-

371 842 437 880 set,
462 836 623 886 cognosci
653 836 698 871 ab
729 846 770 869 eo
790 845 860 868 non
884 826 1049 878 potuisse:
1077 828 1224 863 Secundo
1252 823 1386 860 defectu
1409 824 1613 865 citationis,
1638 837 1715 872 quae
1741 835 1802 859 ne-

369 886 505 923 cessaria
521 885 589 924 est,
613 892 651 919 ut
667 893 744 919 reus
770 883 844 925 iura
865 879 922 914 sua
944 876 1107 927 deducere
1119 873 1216 920 possit
1234 873 1336 908 etiarn
1359 872 1392 906 in
1409 871 1473 906 hoc
1488 871 1616 913 judicio
1630 899 1641 912 ,
1668 872 1705 907 in
1731 882 1803 919 quo

371 935 395 970 fi
413 934 593 969 omittatur
611 959 621 971 ,
645 930 786 966 nullitas
811 927 988 962 sententlae
1010 922 1228 967 consequitur
1247 944 1257 958 ‚
1295 930 1333 954 ut
1367 919 1436 954 late
1462 917 1587 954 diss'erit
1615 920 1802 955 Monacell.

373 982 524 1018 Formul.
539 980 643 1026 lfgal-
658 988 782 1022 tonicg.
797 978 855 1012 tit.
868 986 896 1009 1.
911 986 945 1008 n.
958 980 1013 1011 4.:
1044 968 1203 1019 injustam
1225 977 1362 1013 quoque
1381 966 1586 1001 sententiam
1611 964 1699 1004 effe,
1720 977 1802 1001 cum

372 1040 440 1064 non
454 1034 659 1063 concurrant
673 1024 810 1070 injec‘tio
824 1034 944 1058 manus
957 1044 968 1058 ,
996 1020 1128 1053 animus
1142 1014 1488 1067 injigriaffl,infere11di
1503 1040 1513 1056 ,
1539 1018 1583 1052 ά*
1598 1015 1772 1049 violentia
1787 1038 1799 1053 ,

373 1088 446 1121 quse
464 1075 559 1109 simul
576 1072 728 1119 requiri,
752 1079 790 1106 ut
814 1070 850 1104 in
871 1065 1061 1102 Censurain
1091 1069 1167 1098 Can.
1184 1064 1211 1104 Ji
1238 1064 1317 1108 quis
1341 1062 1506 1106 suadente
1534 1086 1545 1101 ‚
1566 1071 1644 1096 reus
1671 1060 1801 1096 incidat

373 1124 514 1158 tradunt
533 1121 638 1166 Graff.
651 1122 689 1155 de
705 1119 824 1165 Effeci.
840 1116 958 1151 cleric.
973 1112 1066 1158 effec-
1077 1121 1110 1153 9.
1127 1123 1159 1145 n.
1174 1120 1256 1154 311·
1270 1109 1452 1144 Monxtell.
1469 1110 1708 1153 diffusormd.
1726 1116 1798 1143 για.

375 1179 480 1215 atque
499 1167 581 1206 alii3
608 1165 732 1202 Verbis
747 1164 856 1212 igitur
875 1163 907 1197 ἃ
930 1159 1098 1195 conviciis
1113 1165 1246 1192 tantum
1265 1153 1366 1201 egisse
1384 1180 1395 1195 ,
1415 1169 1488 1203 quie
1516 1167 1559 1190 ex
1573 1155 1690 1190 animo
1710 1155 1801 1189 irato

374 1214 560 1252 veniebant
583 1241 593 1254 ,
618 1215 649 1249 &
677 1215 719 1248 ob
743 1212 775 1246 id
794 1212 830 1246 in
850 1219 990 1257 gravem
1013 1206 1101 1240 hanc
1127 1203 1520 1240 excommunicationem
1555 1200 1708 1238 incidisse
1732 1208 1805 1237 non

374 1264 464 1300 recte
479 1275 496 1297 a
514 1260 659 1298 Vicario
672 1260 826 1295 Foraneo
837 1254 1102 1305 pronunciatum
1115 1279 1124 1288 .

330 1311 463 1348 Contra
479 1310 662 1345 Promotor
677 1305 818 1343 Fiscalis
845 1302 1009 1339 monstrat
1033 1296 1327 1351 iudiciipordinem
1346 1324 1357 1338 ,
1384 1307 1462 1333 tuto
1484 1297 1594 1346 sperni
1614 1295 1760 1343 potuisse
1782 1307 1804 1332 a

378 1358 522 1393 Vicat-io
538 1359 693 1393 Foraneo
710 1382 720 1395 ‚
745 1352 804 1401 qui
831 1351 900 1388 nori
920 1361 963 1384 ex
987 1347 1122 1394 querela
1144 1347 1357 1385 sacerdotis,
1384 1345 1436 1380 sed
1457 1357 1499 1381 ex
1520 1346 1692 1382 delatione
1717 1343 1805 1380 Fisci

377 1403 691 1449 extrajudicialiter
707 1398 887 1449 proceffisse
900 1398 1056 1447 videtur:
1081 1393 1115 1428 N
1120 1404 1157 1427 ec
1171 1400 1300 1435 mutare
1313 1393 1406 1438 quod
1425 1392 1591 1437 processus
1612 1392 1715 1428 fanus
1731 1389 1803 1426 fue-

377 1453 424 1488 rit
438 1479 448 1492 ,
474 1454 505 1488 &
519 1451 637 1486 Testes
650 1450 755 1486 auditi
770 1474 780 1487 ‚
805 1446 928 1482 facturn
939 1441 1225 1493 enim-censetur,
1250 1450 1287 1474 ut
1313 1439 1442 1475 veritas
1458 1442 1511 1476 rei
1528 1439 1624 1487 gestae
1649 1438 1806 1485 apertius

378 1508 495 1546 pateat
508 1527 518 1539 ‚
543 1508 647 1545 utque
667 1498 800 1532 animus
816 1492 941 1537 Judicis
958 1498 1086 1526 certior
1110 1487 1193 1528 fiat,
1218 1495 1255 1522 ut
1276 1486 1429 1532 pluribus
1450 1487 1571 1523 relatis
1595 1487 1701 1522 tradit
1713 1485 1808 1521 Emi-

379 1547 591 1581 nentiffimus
608 1553 716 1582 'Petra
730 1547 772 1579 ad
788 1542 922 1583 Conflia'.
935 1543 962 1574 Ι.
978 1539 1099 1587 Leonis
1112 1540 1170 1570 i’X.
1186 1535 1308 1579 [ει-λα.
1321 1548 1351 1570 η.
1369 1547 1400 1580 3.
1413 1536 1538 1582 (φῇς.
1553 1535 1625 1571 vol.
1646 1545 1673 1568 i.
1688 1532 1807 1578 quue

381 1594 527 1639 amplius
542 1621 551 1633 ‚
576 1593 664 1638 quod
685 1591 817 1628 facinus
833 1586 923 1628 ,illud
950 1585 1128 1632 publicum
1156 1579 1246 1619 fuit3
1271 1580 1499 1628 Rostagnium
1514 1581 1639 1629 quippe
1665 1579 1776 1615 oculis
1793 1605 1804 1620 ,

382 1641 547 1686 vultuque
575 1639 743 1674 furentem
756 1637 904 1685 Populus
929 1631 1150 1679 respiciebat,
1174 1630 1209 1664 8<
1238 1637 1440 1663 occurrente
1464 1627 1615 1668 Sinesio,
1641 1628 1700 1674 qui
1727 1637 1809 1661 cum

383 1687 520 1722 Amicis
534 1697 609 1722 erat
623 1712 632 1724 ,
657 1687 768 1720 statim
787 1712 795 1723 ,
822 1694 858 1718 ut
873 1680 1013 1717 evenire
1035 1676 1144 1716 solet,
1164 1675 1270 1711 factus
1287 1676 1334 1710 est
1360 1675 1512 1722 plurium
1537 1676 1721 1712 concursus
1736 1699 1746 1714 ,
1774 1674 1810 1709 δι’

384 1734 586 1769 Conventus
599 1734 775 1768 hominum
794 1755 798 1758 ⁴
824 1729 885 1776 qui
899 1725 1127 1771 Rostagnium
1141 1724 1291 1773 iratum,
1312 1722 1346 1757 δι
1371 1723 1406 1757 in
1421 1733 1499 1758 eum
1519 1723 1698 1758 maledicta
1724 1720 1809 1756 fun-

386 1781 520 1816 dentem
534 1779 689 1815 viderunt
702 1805 713 1818 ,
738 1778 1031 1819 audiveruntque;
1057 1771 1122 1806 hoc
1137 1771 1242 1817 igitur
1256 1768 1333 1804 casu
1353 1770 1450 1804 nulla
1462 1771 1592 1816 praevia
1613 1769 1780 1805 citatione
1797 1777 1808 1806 ;

388 1827 554 1874 publicari
578 1826 667 1874 posse
692 1820 1073 1863 excommunicationem
1092 1825 1251 1853 monent.
1281 1823 1430 1862 Fagnan.
1456 1821 1493 1853 in
1517 1827 1587 1866 cap.
1616 1829 1679 1853 non
1696 1813 1807 1864 potest

386 1885 479 1919 n.13.
493 1876 616 1921 &sela
644 1882 694 1911 De
719 1880 868 1911 sentent.
884 1876 927 1907 eb*
943 1874 988 1914 Re
1001 1868 1083 1911 Jud.
1099 1865 1227 1900 Belled.
1247 1864 1411 1910 disquisit.
1441 1866 1602 1901 Clerical.
1617 1874 1697 1912 par.
1715 1874 1725 1897 t
1768 1863 1808 1897 de

382 1923 501 1966 favor.
521 1922 641 1957 Clcric.
658 1927 774 1957 Canon.
789 1920 857 1967 §.4
878 1917 970 1953 72-26·
985 1912 1318 1953 Monacellfformul.
1334 1911 1452 1957 legal.
1468 1921 1584 1946 annot.
1610 1913 1654 1945 ad
1665 1911 1806 1953 sorm.2.

390 1969 514 2005 num.6.
531 1977 647 2013 ἴσως.
662 1967 827 2008 justitiam
839 1964 984 2007 denique
997 1959 1178 1994 Sententiae
1191 1966 1340 2003 apertam
1365 1956 1454 1995 effe3
1478 1958 1529 1991 Eo
1549 1956 1708 2002 siquidem
1731 1955 1801 1989 ani-

388 2013 434 2048 mi
454 2014 620 2059 proposito
638 2013 901 2050 Ecclesiasticum
918 2010 1041 2043 Virum
1059 2003 1274 2042 offendendi,
1295 2003 1357 2041 vel
1382 2004 1404 2036 fi
1428 2003 1464 2037 in
1488 2004 1557 2049 ipsa
1574 2002 1715 2049 Templi
1732 2005 1806 2037 Ara

391 2072 468 2095 eum
482 2060 665 2098 invenisset
677 2087 688 2101 ,
710 2062 911 2108 properabat
927 2054 1132 2099 Rostagnius
1142 2076 1152 2090 ,
1164 2051 1222 2097 qui
1235 2061 1300 2086 non
1316 2049 1492 2085 maledicta
1506 2059 1639 2086 tantum
1653 2077 1663 2090 ,
1677 2051 1708 2085 δι
1726 2060 1811 2084 con-

391 2108 483 2142 vicia
496 2108 579 2144 fudit
590 2135 600 2149 ,
627 2109 680 2144 sed
692 2109 857 2144 violentas
870 2108 902 2140 in
917 2115 994 2143 eum
1008 2110 1128 2135 manus
1141 2098 1263 2140 injecit
1276 2123 1286 2138 ,
1311 2097 1451 2133 elevato
1474 2097 1558 2133 fuste
1574 2125 1585 2139 ,
1607 2109 1675 2145 quo
1692 2100 1808 2134 Sacer-

393 2154 504 2203 dotem
516 2166 732 2201 percuteret,
756 2165 792 2191 ut
817 2156 931 2201 plures
948 2147 1064 2184 Testes
1089 2143 1361 2181 testificationem
1385 2144 1537 2184 faciunt,
1565 2144 1709 2190 ideoque
1725 2153 1804 2178 ma-

394 2211 456 2234 nus
472 2200 649 2243 injeffione
664 2229 672 2242 ,
698 2203 811 2237 animo
824 2199 982 2242 iniuriam
999 2193 1165 2230 inferendi
1178 2218 1187 2231 ‚
1212 2194 1245 2227 &
1259 2192 1432 2228 violentia
1449 2191 1732 2228 concurrentibus
1757 2189 1809 2232 ju-

395 2247 477 2281 stam
499 2246 562 2282 esse
579 2249 779 2284 sententiam
792 2275 803 2289 ,
828 2259 901 2293 quae
926 2244 1077 2280 declarat
1096 2240 1312 2285 Rostagnium
1338 2239 1375 2274 in
1394 2239 1560 2274 censuras
1581 2236 1735 2274 incidisse
1749 2265 1758 2272 .

347 2294 431 2329 Sunt
446 2294 476 2327 &
492 2294 578 2333 alia,
604 2307 677 2340 qux
694 2296 865 2330 Promotor
879 2291 1017 2327 Fiscalis
1046 2296 1257 2334 congregat,
1285 2294 1324 2319 ut
1346 2285 1554 2331 gravitatem
1573 2284 1732 2320 facinoris
1752 2295 1811 2319 au-

392 2349 636 2392 geat,quorum
651 2342 814 2387 praecipua
834 2341 909 2374 sunt
922 2365 932 2378 ,
949 2336 1113 2371 Sinesium
1136 2346 1156 2369 a
1179 2333 1323 2383 Secretis
1347 2330 1411 2366 esse
1426 2332 1582 2380 Episcopi
1607 2359 1618 2373 ‚
1641 2331 1694 2367 cui
1715 2330 1761 2365 ob
1780 2330 1814 2365 id

392 2389 554 2429 injuriam
578 2389 712 2423 illatam
735 2387 811 2425 esse;
841 2383 1105 2421 Absolutionem
1131 2392 1209 2417 cum
1229 2378 1452 2415 reincidentia
1473 2379 1696 2425 Rostagnium
1718 2376 1816 2412 obti-

394 2432 502 2474 nuiffe
519 2435 565 2470 ab
577 2437 644 2471 hoc
660 2437 764 2471 Sacro
775 2430 959 2470 Tribunali
983 2430 1137 2464 directam
1150 2426 1313 2472 Episcopo
1325 2425 1478 2460 Niciensi
1491 2453 1501 2466 ,
1526 2427 1562 2461 in
1586 2426 1682 2469 cuius
1706 2425 1812 2460 Dioe-

396 2479 462 2523 cesi
485 2481 568 2518 falso
583 2482 718 2518 asseruit
733 2482 877 2517 morari:
901 2476 1094 2513 Cedulones
1114 2474 1220 2509 etiam
1240 2471 1438 2519 proscidisse
1459 2500 1470 2514 ,
1494 2473 1635 2508 demum
1655 2483 1734 2511 eos,
1756 2470 1816 2518 qui

396 2525 506 2563 secum
521 2529 646 2565 versari
660 2556 670 2570 ,
695 2539 795 2576 atque
809 2526 938 2573 alloqui
952 2524 1143 2560 renuebant
1156 2545 1167 2559 ,
1191 2519 1255 2555 risu
1267 2518 1433 2567 excepisse
1445 2548 1456 2561 ‚
1481 2522 1513 2555 &
1537 2522 1580 2555 ob
1595 2519 1631 2554 id
1648 2518 1814 2566 postulat,

400 2576 540 2624 iit-Acta
555 2578 595 2610 ad
609 2576 776 2611 Tribunal
789 2577 863 2611 Sac.
880 2571 1108 2619 inquisitionis
1132 2569 1347 2604 remittantur
1363 2593 1374 2608 ‚
1395 2567 1431 2603 in
1456 2580 1525 2614 quo
1552 2566 1674 2602 discuti
1693 2564 1793 2614 possit
1808 2589 1820 2604 ,

402 2622 481 2664 quid
492 2620 696 2673 Rostagnius
709 2623 831 2658 sentiat
845 2624 884 2656 de
897 2618 1047 2656 Ecclefiae
1060 2615 1231 2653 potestate
1245 2642 1256 2656 ‚
1281 2615 1451 2651 Omnibus
1474 2615 1582 2661 igitur
1597 2640 1607 2654 ,
1626 2625 1699 2660 qux
1730 2611 1816 2648 hinc

403 2677 506 2714 atque
520 2670 595 2702 inde
610 2679 869 2715 proponuntur,
892 2666 1069 2715 perspectis
1082 2691 1091 2704 ,
1117 2663 1257 2700 videant
1278 2661 1540 2701 Eminentiflimi
1571 2663 1687 2700 Patres
1702 2685 1712 2696 .

355 2719 415 2751 ..Ᾰη
435 2715 575 2757 censium:
594 2716 845 2759 s‘tbstirteantur
871 2719 907 2751 in
933 2716 1007 2756 casu
1025 2717 1102 2749 &a
1553 2733 1555 2735 ·

451 2760 645 2807 Negative‚
672 2763 702 2797 δι
719 2762 901 2808 Episcopus
921 2758 1079 2806 procedat
1098 2770 1139 2793 ex
1152 2757 1283 2801 integro
1296 2784 1304 2792 .
1694 2753 1806 2790 BER-
