1883 2907
370 55 477 127 cztfria
492 85 644 122 decrevit
660 103 697 113 —-
713 87 796 120 'Non
810 84 958 125 constare
966 84 1005 121 de
1018 86 1257 133 impedimento
1266 86 1550 127 machinationis,
1568 91 1613 125 &¹
1628 87 1688 135 effe
1697 101 1784 127 exe-

368 137 529 183 quendum
547 139 654 169 Breve
673 132 891 173 'Pontificinm
905 157 914 170 ‚
931 144 969 165 ac
983 132 1243 168 contrahendam
1259 134 1511 168 matrimonium
1535 134 1657 181 ahsqpcr
1683 137 1779 175 ulla)

367 194 459 216 mora
477 204 486 214 .
511 180 743 216 provocarunt
757 189 870 213 tamen
884 176 937 212 illi
950 178 988 211 ad
1002 178 1066 215 hoc
1079 179 1112 213 S.
1135 179 1293 214 sribunal
1308 206 1316 218 ,
1345 181 1376 214 8<
1395 178 1531 214 audito:
1561 190 1597 216 ut
1608 195 1670 229 par
1684 192 1755 218 erat
1769 210 1782 224 ‚

370 226 635 263 Eminentiffimo
653 225 920 275 Aichicpiscopo
935 250 945 264 ‚
959 223 1052 262 Rosa
1062 252 1072 268 ,
1089 228 1119 261 ὁι
1133 226 1353 277 Raymundus
1365 227 1596 265 controversia:
1610 231 1780 266 dennitio-

369 285 442 307 nem
458 286 543 310 nunc
557 274 739 318 postulant.

321 318 408 355 Rem
423 332 552 355 omnem
566 335 606 356 eo
620 319 684 356 effe
700 320 923 356 deducendam
938 319 1034 361 ajunt
1052 320 1158 357 futuri
1173 323 1334 367 conjuges
1349 349 1358 362 ‚
1386 332 1421 358 ut
1438 324 1658 370 cognoscatur
1672 349 1682 364 ‚
1706 337 1781 361 an.»

367 367 529 412 probetur
542 379 668 403 crimen
681 365 941 402 machinationis
955 366 988 403 in
1003 377 1142 402 mortem
1162 369 1246 408 Viri,
1262 370 1318 405 sed
1338 371 1399 405 hoc
1419 372 1498 405 tolli
1515 383 1579 416 prae
1601 371 1781 417 umptione

368 414 448 455 juris
464 439 473 452 ‚
489 427 560 460 qua:
576 415 698 449 crimen
713 414 863 449 excludit
877 440 887 452 ,
900 413 976 448 tolli
992 413 1285 452 testificationibus
1300 416 1447 462 plurium
1465 417 1611 458 testium,
1625 419 1681 464 qui
1699 430 1782 454 nar-

367 471 439 496 rant
453 461 648 498 Carmelum
663 460 977 496 defunctumvjmm
991 473 1009 497 a
1023 463 1221 503 neurismatc
1235 473 1391 500 vitiatum
1404 473 1507 510 gutur
1520 465 1679 508 habuisse,
1694 476 1780 515 quos

367 507 451 542 inter
466 509 644 554 plurimum
659 508 824 555 spectandi
840 508 915 543 sunt
929 509 1015 546 soror
1028 521 1186 556 germana
1204 512 1380 552 Carmeli,
1407 511 1544 560 ejusque
1561 514 1624 548 Vir
1637 540 1647 554 ,
1671 514 1702 548 ὄι
1719 513 1780 555 Ja-

366 567 498 591 nuarius
515 555 765 591 SansevcrinJus
780 556 960 593 medicinae
973 556 1151 604 professor,
1170 560 1227 607 qui
1242 571 1319 595 eum
1333 561 1466 595 monuit
1482 587 1491 599 2
1507 569 1542 594 ut
1557 570 1656 596 caute
1671 560 1779 596 vitam

365 602 496 637 duceret
509 606 554 638 ob
565 603 641 639 vitii
655 603 858 650 gravitatem
873 632 882 644 ,
900 616 966 649 quo
979 603 1085 642 affecti
1102 606 1201 642 facile
1224 607 1431 643 occumbunt
1449 636 1459 651 ,
1486 607 1673 655 praepedito
1697 607 1778 643 san-

365 650 477 694 guinis
491 651 618 686 circulo
630 678 639 690 ,
665 661 700 685 ut
722 651 823 688 etiam
836 653 956 688 diserte
971 663 1108 690 monent
1120 654 1187 691 duo
1200 654 1259 690 alii
1277 653 1406 691 Medici
1424 681 1432 689 .
1463 656 1606 690 Accedit
1626 653 1779 690 Carmeli

364 707 479 741 corpus
496 698 699 742 insepultum
715 698 849 738 jacuizse
862 706 914 739 48.
938 700 1094 736 horarum
1107 701 1217 749 spatio
1233 729 1244 742 ,
1257 701 1363 738 nullis
1376 699 1473 748 lignis
1486 727 1497 741 ,
1511 712 1614 750 atque
1628 701 1779 743 indiciis,

364 754 433 788 quae
447 744 666 783 monstrarent
681 746 827 782 evenisse
841 755 984 785 mortem
993 748 1135 790 alicujus
1148 761 1251 796 opera
1265 776 1275 790 ‚
1300 760 1439 796 quaeque
1465 748 1552 796 ligna
1578 749 1645 786 late
1656 759 1781 784 nume·
1815 770 1817 773 .

364 799 413 824 rat
427 794 566 828 Zacchia
581 794 691 836 qnasi.
704 796 829 831 medico
838 795 939 841 ltgul.
957 804 1072 830 tomi.
1085 798 1187 833 lic-2.
1200 796 1342 844 quaest.7.
1360 808 1506 842 n'1m.30.
1521 823 1532 838 ‚
1560 809 1623 833 nec
1645 804 1776 832 mutare

364 848 529 875 rumorem
540 839 674 877 suiffein
690 841 846 880 Vicinia,
872 852 939 877 non
954 840 1050 876 fuiffe
1065 852 1209 878 mortem
1230 843 1322 879 illam
1334 845 1518 878 naturalem
1533 871 1544 885 ‚
1571 845 1622 881 sed
1637 856 1660 879 0
1688 855 1779 880 era..

363 885 479 920 uxoris
495 899 506 926 5
533 886 649 922 Testes
663 887 753 923 enim
768 914 778 927 ‚
792 889 849 934 qui
863 898 1120 939 proponuntur,
1141 890 1174 924 id
1187 903 1254 926 non
1275 890 1399 927 habent
1412 917 1422 932 ‚
1439 900 1474 925 ut
1489 891 1560 934 jure
1574 903 1652 926 nece
1681 903 1700 926 e
1717 889 1778 932 est,

362 932 453 976 quod
463 943 526 977 pne
540 935 670 969 caeteris
682 937 779 971 docet
793 937 965 980 kermostn.
980 940 1015 974 in
1029 947 1102 984 Ns·
1115 940 1270 983 qualiter
1283 948 1317 972 2.
1332 941 1370 973 de
1385 939 1530 983 accusat.
1544 939 1691 986 quest-3.
1703 947 1773 978 n.3.

363 982 407 1014 &-
419 991 450 1024 4.
466 1004 476 1018 ‚
490 980 520 1014 &
531 981 574 1015 ob
588 981 618 1014 id
636 993 734 1016 vanas
749 981 844 1017 hasce
857 994 955 1018 voces
970 983 1092 1028 spretas
1111 984 1208 1020 fuisse
1223 985 1241 1019 ὲ
1255 983 1354 1020 fisco
1368 983 1469 1020 Laico
1483 1011 1492 1024 .
1504 986 1561 1031 qui
1575 986 1696 1033 procul
1710 987 1774 1021 du-

361 1024 417 1059 bio
433 1037 499 1060 non
513 1026 670 1064 omisisset
687 1028 874 1079 inquirere,
885 1029 907 1064 st
920 1042 1038 1068 rumor
1051 1031 1094 1066 ab
1107 1031 1267 1073 honestis,
1299 1032 1330 1068 ἃ
1347 1029 1410 1067 fide
1437 1031 1544 1078 dignis
1558 1032 1706 1080 personis
1720 1043 1773 1068 or-

361 1079 431 1105 tum
447 1073 629 1111 habuisset,

316 1119 398 1156 Haec
412 1118 535 1155 habent
550 1121 650 1162 Rosa,
665 1123 697 1158 &
712 1122 952 1169 Raymundus‚
965 1126 1044 1174 quid
1057 1136 1176 1162 contra
1187 1128 1291 1162 ferant
1306 1134 1444 1171 patruus
1459 1152 1471 1168 ,
1483 1127 1514 1163 δι
1531 1127 1659 1163 sorores
1670 1126 1771 1174 igno-

361 1177 467 1200 ramus
480 1180 489 1203 ε
508 1169 666 1206 Dubium
681 1199 686 1205 .
701 1172 789 1216 quod
804 1170 1026 1209 definiendum
1037 1175 1241 1221 proponitur
1254 1201 1264 1214 ,
1277 1173 1323 1209 est
1335 1200 1344 1210 .
1810 1216 1811 1220 ,

313 1218 370 1247 An
383 1214 504 1254 constet
515 1217 553 1252 de
567 1220 803 1264 impedimento
821 1222 978 1257 criminis
1004 1224 1038 1256 in
1064 1226 1225 1260 terminis
1242 1221 1403 1269 oppositi,
1422 1220 1661 1270 seupotiusfit
1674 1222 1769 1259 locus

360 1266 586 1310 exequutioni
599 1267 794 1303 Literarum
807 1266 1080 1314 Apostolicarmn
1088 1270 1192 1318 fizper
1204 1269 1448 1317 dispenfiztione
1460 1271 1495 1304 in
1509 1270 1584 1314 casu
1600 1279 1678 1305 (rc.

404 1358 577 1408 Negative
591 1364 631 1398 ad
648 1364 790 1413 primam
804 1375 932 1416 partem
947 1392 958 1408 ,
977 1368 1008 1402 &
1025 1367 1228 1407 affirmative
1242 1366 1471 1409 adsecundarn
1485 1398 1495 1408 .

191 1537 201 1549 ι
232 1529 272 1556 ·3·
314 1493 645 1577 SPOLETANA
682 1503 1091 1543 PROCURATIONIS
1130 1507 1276 1544 SUPER
1311 1503 1766 1542 CONTRIBUTIONE.

390 1543 440 1578 Ex
453 1545 603 1589 pluribus
621 1549 715 1585 Locis
730 1552 799 1587 Piis
812 1579 822 1593 ,
841 1553 1015 1600 Cappellis
1028 1581 1037 1594 ,
1074 1555 1197 1590 situlis
1211 1554 1457 1590 Beneficiorum
1476 1579 1486 1594 ‚
1512 1554 1543 1588 &
1558 1551 1769 1603 Monasterip

357 1589 388 1626 S.
402 1590 596 1630 catharina·
620 1597 711 1632 bona
739 1598 931 1636 immobilia
954 1603 1189 1647 poffidentibus
1212 1603 1247 1637 in
1272 1601 1470 1638 Territorio
1491 1599 1627 1636 Montis
1641 1598 1768 1634 Leonis

357 1638 540 1691 Spoletanae
554 1643 719 1679 Dioecefis
732 1672 743 1685 ‚
755 1657 901 1692 quatuor
914 1648 980 1684 sola
995 1649 1030 1684 in
1043 1649 1170 1686 ultimis
1184 1650 1332 1697 quinque
1358 1646 1607 1685 visitationibus
1632 1646 1771 1697 nomine

358 1695 601 1735 procurationis
618 1690 779 1738 Episcopo
794 1694 1206 1732 visitanticontribuerunt
1219 1697 1369 1741 qualibet
1386 1696 1462 1731 vice
1475 1695 1575 1735 sct40.
1589 1720 1600 1733 ‚
1625 1692 1767 1740 singulis

359 1733 463 1782 1c71c.
477 1735 726 1775 conferentibus
743 1768 750 1775 .
767 1740 945 1777 Praesentes
962 1743 1100 1778 duorum
1113 1743 1360 1779 Beneficiorum
1377 1742 1562 1788 poffesrores
1573 1741 1667 1777 ΚΛ).
1685 1741 1767 1776 Do-

357 1789 448 1813 mino
462 1781 487 1814 F
494 1784 699 1822 rescobaldus
714 1814 724 1827 ‚
753 1789 784 1823 &
797 1788 914 1823 Abbas
929 1790 1082 1825 Amicius
1096 1793 1237 1827 aliorum
1251 1802 1348 1824 onera
1367 1789 1434 1825 sese
1455 1787 1633 1825 substinere
1646 1797 1767 1839 putan-

358 1833 404 1859 tes
418 1851 427 1864 ,
439 1827 656 1878 'datolibello
670 1835 891 1881 Ampliflimis
901 1836 1056 1872 Patribus
1072 1864 1082 1877 ,
1092 1838 1246 1885 querelas
1260 1848 1438 1872 moverunt
1451 1835 1612 1871 adversus
1635 1835 1703 1868 alia
1716 1835 1766 1868 lo-

358 1884 395 1906 ca
409 1885 488 1923 pia,
515 1879 732 1915 utabeodem
746 1879 845 1916 oner'e
873 1882 1065 1919 levarentur
1083 1912 1093 1925 ,
1119 1895 1271 1931 petentes
1295 1884 1404 1918 dividi
1425 1882 1681 1928 procurationes
1705 1892 1768 1926 pro

359 1929 513 1972 portione
527 1925 693 1962 bonorum
707 1953 717 1966 ‚
741 1940 814 1975 quae
831 1940 849 1962 a
864 1929 999 1975 singulis
1015 1931 1097 1966 locis
1113 1932 1177 1977 piis
1190 1929 1392 1977 poffidemur
1407 1956 1416 1968 ,
1430 1931 1460 1965 &
1477 1929 1688 1979 authoritate
1703 1929 1766 1980 δεῇ·
1801 1970 1806 1974 ι

357 1968 514 2018 ΕΠᾸἸΗΙΨΕ
531 1969 730 2009 Tribunalis
745 1985 946 2021 cogerentur
957 1977 1016 2012 illa
1032 1977 1204 2013 restituere
1216 1989 1258 2011 ex
1274 1978 1347 2022 lege
1375 1977 1466 2018 iustae
1489 1979 1767 2026 reintegrationis

356 2014 514 2066 quidquid
527 2030 591 2064 Pro
605 2023 764 2066 portione
790 2024 934 2058 aliorum
950 2024 1119 2060 Locorum
1136 2025 1270 2060 Piorum
1290 2026 1330 2058 ab
1346 2024 1511 2059 actoribus
1542 2023 1687 2059 solutum
1701 2020 1768 2057 fuit

355 2059 522 2110 Eplscopts
535 2065 750 2106 visitantibus
766 2099 772 2105 .
798 2070 949 2105 Auditus
962 2069 1028 2106 fuit
1040 2071 1223 2118 Episcopus
1237 2097 1246 2112 ,
1271 2070 1330 2119 qui
1344 2071 1518 2118 respondit
1545 2069 1766 2118 secundum.»

354 2118 409 2152 Pla
426 2107 503 2141 ¹0⁶³
517 2136 525 2149 2
540 2111 570 2144 ὅ(
585 2124 620 2147 ur
635 2114 820 2152 servaretur
832 2119 1038 2153 consuetudo
1052 2146 1061 2160 ,
1090 2132 1190 2167 quam
1204 2120 1246 2155 ab
1259 2130 1456 2162 ann01709.
1479 2118 1643 2153 servatam
1664 2113 1767 2166 'fuisse

355 2153 501 2190 constare
517 2159 598 2192 dicit
615 2173 653 2194 ex
668 2165 746 2197 actis
764 2164 993 2199 visitationum
1008 2166 1109 2201 trium
1125 2165 1395 2212 praedecessorum
1410 2191 1420 2204 ,
1435 2167 1466 2199 ἃ
1479 2163 1533 2200 cui
1550 2163 1767 2213 licetftttulus

355 2212 391 2281 gx
400 2200 522 2246 pressus
536 2204 670 2242 deficiat
682 2236 691 2249 ,
702 2221 768 2243 non
784 2221 891 2246 tamen
905 2211 1021 2248 deficit
1035 2214 1248 2262 praesumptus
1265 2225 1306 2248 ex
1319 2213 1477 2258 temporis
1494 2209 1570 2258 fuga
1582 2221 1672 2246 nunc
1680 2220 1766 2245 cun·

388 2260 412 2282 is
425 2260 558 2294 ignotus
571 2278 581 2289 .

310 2297 438 2331 C0s¹¹sa
452 2299 514 2346 noc
529 2299 542 2339 J
549 2299 698 2337 udicium
709 2303 860 2349 Episcopi
874 2306 1041 2351 disputant
1056 2319 1143 2343 nunc
1156 2309 1292 2346 adores,
1307 2315 1538 2351 provocantes
1562 2305 1601 2339 ad
1613 2303 1698 2347 juris
1711 2302 1768 2354 dj·

359 2342 572 2393 sP⁰¹¹¹¹0ssem
586 2374 596 2387 ‚
622 2361 686 2395 qua
698 2350 914 2386 constitutum
930 2353 974 2387 est
986 2357 1026 2388 ab
1043 2353 1083 2388 iis
1100 2355 1277 2398 praestanda
1289 2352 1351 2388 effe
1369 2352 1570 2397 temporalia
1582 2377 1593 2392 ,
1618 2351 1675 2397 qui
1693 2350 1768 2401 spi·-

357 2388 490 2440 fltualla
503 2393 690 2439 recipiunt:
708 2397 877 2442 praestandi
889 2398 1040 2435 debitum
1055 2412 1121 2435 non
1131 2400 1193 2436 effe
1212 2399 1404 2447 personale,
1422 2399 1474 2434 scd
1486 2400 1575 2434 reale
1587 2425 1598 2439 ‚
1623 2399 1654 2434 δι
1670 2402 1766 2432 bonis

359 2434 519 2488 mhst‘fenss
535 2454 540 2471 t
566 2441 789 2484 poffeffionem
805 2472 814 2484 ‚
828 2457 928 2491 quam
942 2447 1064 2489 jastant
1079 2450 1150 2484 loca
1165 2449 1218 2494 pia
1233 2473 1242 2486 ,
1255 2458 1321 2482 non
1333 2445 1499 2487 solvendi,
1513 2457 1575 2482 nec
1592 2445 1768 2490 antiquam

357 2479 421 2532 esst?
432 2506 441 2519 ³
465 2484 495 2516 ὅ(
508 2491 809 2538 1mr¹1emorabilem
822 2520 832 2532 ‚
845 2505 921 2529 cum
937 2494 1065 2529 constet
1080 2495 1216 2530 initium
1229 2492 1377 2530 habuisse
1390 2505 1477 2529 anno
1500 2505 1598 2536 1709.
1623 2504 1685 2527 nec
1703 2490 1766 2526 de—

358 2528 615 2579 b¹¹¹⁵ssffllss¹s¹t1s
629 2534 809 2579 firmatam,
829 2552 888 2575 nec
902 2541 1146 2577 detrimentum
1159 2543 1266 2577 ullum
1284 2540 1405 2575 inferre
1436 2540 1525 2587 poffe
1546 2540 1678 2576 nullam
1704 2540 1767 2579 haff

358 2575 511 2610 bentibus
523 2588 539 2609 a
555 2582 780 2622 praedefunois
791 2586 1022 2632 possessoribus
1041 2589 1173 2624 causam
1188 2616 1199 2630 ,
1224 2598 1365 2635 quorum
1377 2588 1542 2634 culpanda
1555 2585 1764 2634 negligent&

360 2633 480 2657 nocere
505 2635 571 2658 non
581 2629 685 2672 potest
699 2632 913 2674 praesemi‘bus
930 2647 940 2672 3
970 2633 1022 2668 sed
1031 2634 1092 2670 etsi
1108 2634 1382 2705 immemorabilis
1391 2632 1469 2672 haec
1487 2634 1568 2671 effet
1586 2635 1765 2714 consuegu-

1726 2691 1758 2719 0³
