1946 2961
412 108 435 130 0
1931 102 1934 122 ἶ

391 103 742 175 {cientibusfaeminis
771 136 940 184 Agnatis,
963 135 1003 171 ad
1017 135 1157 171 subsidia
1187 134 1332 171 Dotalia
1354 144 1485 174 vocatae
1512 136 1678 173 fuerunta
1702 138 1870 175 Testato-
1906 0 1946 202 1

395 198 429 221 re
445 212 454 225 ,
476 183 652 219 obsistente
672 185 857 231 praescrtim
872 184 1059 219 Exccutore
1073 182 1350 218 Testamentario
1376 183 1515 228 josepho
1539 184 1746 222 Coccolinio
1775 214 1783 227 ,
1811 186 1869 233 qui
1926 184 1935 220 ἰ

397 228 635 267 cancellarius
661 229 705 265 est
717 231 829 267 Curiae
853 229 1163 277 Archiepiscopalis
1177 253 1188 264 .
1220 229 1459 275 Confugerunt
1476 229 1588 277 itaque
1605 233 1730 269 iterum
1747 234 1787 268 ad
1805 234 1867 268 hoc

398 279 540 312 Sacrum
555 275 730 313 Tribunal
758 279 873 314 Maria
888 278 981 313 Rosa
1006 304 1016 318 ,
1043 278 1075 312 δι
1100 276 1262 312 Andreas
1288 276 1396 312 Raazi
1422 277 1542 317 Pater,
1568 289 1606 313 ac
1636 281 1805 326 disputant
1826 292 1869 316 ex
1932 253 1946 322 i

392 325 614 362 Testamento
637 325 786 360 Antonii
808 325 1115 362 Coccoliniieduci
1131 336 1199 360 non
1223 323 1309 370 posse
1335 324 1406 365 ejus
1434 324 1647 361 voluntatem
1669 326 1868 364 excludendi
1935 323 1941 338 *

394 387 412 410 a
437 369 593 407 subsidiis
617 370 751 407 Puellas
781 371 978 420 Cognatam
1007 372 1069 408 nisi
1091 373 1125 407 in
1149 371 1310 407 concursu
1336 373 1550 418 Agnatarum
1577 385 1586 405 z
1613 375 1810 410 nominibus
1835 377 1870 408 αὶ
1927 411 1941 424 γ

394 421 473 463 Casa
500 419 660 454 ecccolini
685 419 862 465 Cognatas
886 419 1123 464 comprehendi
1141 433 1149 452 ε
1170 418 1237 452 alia
1252 418 1355 453 verba
1369 423 1403 454 di
1416 421 1507 455 detto
1526 427 1680 465 (ognome
1706 423 1868 457 coccolini
1924 430 1942 463 ’ς’

394 465 591 510 accipienda
602 466 665 501 esse
679 478 748 501 non
763 468 914 502 taxative
929 467 972 501 ad
985 466 1217 502 excludendas
1231 465 1407 512 Cognatas
1425 491 1434 504 ,
1458 467 1488 502 &
1507 469 1730 503 admittendas
1747 469 1869 515 Agna·
1927 491 1929 495 Α

394 525 443 551 tas
469 522 599 550 tantum
613 540 621 552 ,
645 512 702 549 scd
725 514 987 550 demonstrative
1000 537 1009 552 ‚
1034 524 1070 549 ut
1087 515 1232 559 Agnatae
1246 512 1469 558 praeferamur
1483 512 1649 561 Cognatis
1664 541 1674 554 ,
1698 516 1867 562 Cognatae

398 560 590 598 extraneis,
615 559 821 606 incertisque
845 571 1010 597 certorum
1037 560 1251 607 Oppidorum
1279 573 1288 593 ε
1318 571 1426 605 neque
1455 571 1547 596 enim
1576 561 1768 597 verosimile
1791 563 1865 598 fieri

393 609 495 656 usque
515 609 598 641 adeo
610 607 818 643 Testatorem
847 607 926 644 odio
947 608 1102 657 persequi
1117 606 1261 643 voluiffe
1275 606 1449 654 Cognatas
1463 633 1473 646 ‚
1504 618 1542 643 ut
1557 620 1611 643 eas
1637 609 1865 654 exclusasvo-

393 656 497 691 luerit
512 655 615 690 etiam
634 655 668 690 in
684 655 848 690 concursu
877 666 1121 691 extranearum
1145 683 1154 697 ‚
1180 664 1278 701 atque
1298 656 1504 690 incertarum
1525 681 1534 694 ,
1559 655 1741 702 praesertim
1757 655 1775 689 s
1793 657 1865 690 Co·

391 713 501 750 gnatae
526 702 694 740 maxima,
721 703 771 736 uti
801 703 909 737 Maria
933 702 1045 742 Rosa,
1070 713 1182 739 rerum
1195 702 1344 737 omnium
1372 702 1492 748 inopia
1518 713 1739 749 premantur:
1794 714 1859 739 sar:

393 748 487 785 fuisse
500 759 649 784 mentem
674 749 752 785 sacri
779 750 876 791 huius
898 749 1125 789 Tribunalis,
1156 761 1231 784 cum
1250 761 1340 783 anno
1375 756 1457 795 17ss
1502 749 1686 785 secundum
1712 749 1863 786 Mariam

390 796 516 832 Rosam
540 796 711 832 Perazzini
734 796 932 842 respondit,
959 797 1202 832 itautdubium
1226 796 1368 840 amplius
1393 795 1525 831 nullum
1541 795 1604 832 esse
1630 796 1725 842 potiit
1755 798 1794 831 de
1810 797 1862 831 in—

391 844 530 879 tellecta
547 842 775 888 dispositionis
798 844 1071 880 festamentariae
1091 843 1235 878 Antonii
1249 843 1445 878 Coccolinii
1462 870 1472 882 ,
1501 844 1673 890 postquam
1696 844 1792 878 semel
1813 845 1860 879 ita

390 902 466 928 eam
480 890 702 937 interpraetati
723 890 797 926 sunt
825 891 1029 939 Ampliliimi
1055 891 1170 926 Patres
1184 914 1194 924 .
1215 890 1308 934 Qid
1323 900 1440 924 contra
1456 901 1620 935 proponat
1638 890 1757 936 joseph
1774 889 1864 926 Coc-

388 937 535 976 colinius
561 938 776 984 ignoramus,
799 950 875 973 nam
889 939 1043 974 libellum
1063 940 1197 980 Jurium
1214 941 1254 972 ab
1274 950 1314 972 eo
1338 949 1404 971 non
1420 939 1637 985 accepimus.
1665 935 1783 973 Causa:
1800 949 1861 974 ca-

391 995 451 1034 put
480 997 583 1021 unum
609 987 655 1021 est
678 1009 689 1020 .

349 1043 409 1072 ,an
425 1032 469 1076 fit
484 1033 576 1068 locus
598 1035 819 1082 applicatisni
845 1031 1066 1075 subsidiorum
1083 1033 1259 1069 Dotalium
1279 1034 1313 1068 in
1331 1033 1408 1077 casu
1428 1035 1504 1069 &a

1920 671 1946 844 zamran
1938 643 1942 653 <

1931 988 1942 1039 .,
1930 850 1946 940 .-..

515 1141 847 1196 Affirmative
871 1179 884 1204 ‚

303 1282 311 1295 ⁶
343 1271 724 1358 SENOGALLiEN
752 1270 1106 1308 CAPPELLANIAE
1130 1298 1139 1310 .
1161 1276 1295 1319 Septem
1323 1273 1558 1320 Cappellanias
1596 1273 1632 1308 in
1655 1271 1800 1308 Ecclesia
1826 1271 1859 1308 S.

419 1321 554 1363 Joannis
576 1317 795 1367 Evangelistse
818 1346 827 1359 ,
863 1320 918 1356 seu
944 1321 1137 1356 §nutrimini
1164 1322 1369 1356 Sacramenti
1398 1321 1525 1367 Oppidi
1551 1320 1687 1356 Montis
1714 1321 1745 1355 S.
1785 1319 1860 1355 Viti
1896 1323 1897 1326 ’

386 1366 580 1405 Dioeceseos
603 1365 857 1413 Senogallienfis
874 1395 882 1405 ,
913 1367 1011 1403 certis
1026 1379 1147 1413 cuique
1171 1369 1337 1415 assignatis
1353 1367 1458 1404 Bonis
1481 1394 1492 1408 ‚
1517 1365 1742 1402 Testaznento
1773 1367 1858 1414 erigi

386 1415 474 1459 justit
497 1425 583 1448 anno
606 1425 699 1455 1734.
727 1412 846 1459 joseph
874 1414 1082 1462 Zappiniis:
1108 1417 1383 1461 Jurapatronatus
1408 1417 1516 1462 prime
1536 1442 1546 1455 ,
1571 1421 1602 1450 oc
1632 1415 1783 1450 secund-e
1810 1413 1854 1449 ad

386 1463 521 1498 tertiam
536 1462 635 1506 usque
648 1470 899 1508 generationem
915 1463 1092 1497 Francisco
1112 1461 1301 1509 Augustino
1318 1462 1427 1502 Boni,
1456 1464 1487 1498 ὅ(
1506 1462 1629 1506 loseph
1655 1463 1820 1502 Stoopani
1843 1485 1854 1500 ,

385 1519 576 1545 caeterarum
596 1520 674 1543 vero
696 1508 931 1559 Reipublicae,
956 1508 1011 1544 seu
1037 1510 1285 1545 Com·nunitati
1310 1510 1455 1551 ejusdem
1473 1510 1596 1554 Oppidi
1624 1512 1640 1543 s
1678 1509 1749 1542 »7111
1771 1507 1858 1542 reli-

386 1557 483 1603 quit,
507 1556 562 1591 cui
590 1559 715 1601 pariter
734 1583 742 1596 ‚
767 1555 871 1589 linitis
887 1557 1159 1602 generationibus
1174 1583 1183 1596 ‚
1210 1557 1466 1603 Juspatronatus
1488 1568 1601 1602 prime
1619 1581 1628 1593 ‚
1657 1556 1687 1590 Sc
1706 1555 1854 1590 secunde

386 1603 617 1650 Cappcllaniae
644 1600 853 1637 reservavit:
883 1603 1006 1638 Voluit
1027 1613 1174 1643 autem„
1199 1603 1274 1639 Che
1299 1615 1316 1637 a
1346 1607 1436 1639 dette
1464 1603 1702 1649 Cappellanie
1729 1602 1854 1644 poilino

338 1671 365 1691 ,,
388 1660 584 1685 concor-rere
604 1651 683 1684 tutti
715 1649 738 1683 li
756 1650 846 1683 Preti
873 1652 1042 1685 Sacerdoti
1069 1651 1204 1688 nativi,
1225 1653 1258 1686 &
1281 1651 1425 1687 abitanti
1442 1651 1474 1686 di
1501 1651 1614 1697 questa
1649 1648 1754 1683 'serra
1789 1651 1855 1683 die.

340 1722 363 1739 „
389 1696 510 1742 purche
536 1707 604 1730 non
635 1696 725 1731 siano
743 1697 884 1743 provisti
908 1698 940 1731 d’
959 1697 1045 1732 altre
1068 1697 1288 1743 Cappellanie
1313 1709 1476 1746 perpetue
1502 1697 1753 1743 incompatibili
1769 1726 1772 1729 .
1788 1695 1854 1730 διε.

344 1771 367 1785 ,,
392 1746 450 1780 hoc
468 1747 554 1780 enim
578 1745 652 1786 casu
671 1745 771 1778 vuole
795 1742 1053 1779 assolutamente
1080 1744 1167 1780 siano
1182 1758 1242 1792 per
1267 1744 1394 1791 sempre
1407 1745 1543 1780 esclufi.

339 1794 455 1827 Onera
469 1802 548 1825 vero
567 1815 577 1829 ,
599 1799 673 1836 quae
687 1791 900 1835 Cappellam's
915 1793 1029 1830 dedit,
1054 1793 1122 1826 htec
1148 1793 1245 1831 sunt;
1273 1805 1343 1840 quae
1359 1795 1467 1828 verbis
1483 1791 1557 1838 iplis
1575 1789 1785 1826 Testamenti
1803 1800 1858 1824 re-

383 1838 618 1883 praesentamus
643 1861 666 1876 ,‚
694 1837 768 1872 Che
793 1836 884 1873 siano
905 1839 1016 1873 tenuti
1048 1838 1092 1875 ed
1118 1839 1266 1886 obligati
1293 1841 1432 1875 durante
1463 1839 1494 1874 le
1520 1841 1594 1874 loro
1619 1836 1852 1885 Cappe'ilanie

338 1908 361 1926 „
384 1886 557 1920 celebrare
575 1895 630 1928 per
643 1883 676 1918 se
690 1911 701 1925 ‚
728 1897 746 1919 e
765 1896 830 1918 non
852 1888 992 1930 petendo
1009 1897 1067 1932 per
1089 1885 1244 1931 legitima
1261 1887 1356 1923 causa
1369 1912 1378 1924 ‚
1403 1899 1422 1923 ο
1435 1886 1543 1934 giusto
1557 1911 1566 1925 ,
1590 1898 1608 1920 e
1628 1882 1852 1929 ragionevole

336 1957 360 1973 ,‚
389 1931 632 1980 impidimento
645 1942 704 1976 per
728 1931 759 1966 se
785 1931 868 1966 steffl
892 1933 1088 1973 celebrare,
1118 1933 1168 1968 far
1193 1936 1360 1969 celebrare
1386 1935 1423 1969 da
1447 1935 1536 1969 altro
1561 1933 1742 1970 Sacerdote
1769 1941 1854 1966 tre.-

337 2006 361 2020 ,‚
386 1977 492 2014 Messe
514 1989 573 2025 per
588 1978 743 2014 ciascuna
756 1979 955 2015 settimana2
985 1980 1059 2015 Che
1080 1983 1158 2016 tutti
1175 1994 1192 2016 e
1220 1981 1337 2024 singoli
1360 1983 1444 2017 detti
1464 1981 1671 2028 clippeum
1697 1977 1851 2013 debbino
1876 1997 1888 2015 e

337 2053 360 2066 ‚,
386 2026 619 2064 intervenire,
642 2025 803 2066 assistere,
828 2030 867 2062 ed
883 2039 1146 2074 accompagnare
1173 2021 1510 2073 proceffionalmente
1525 2030 1549 2062 il
1574 2026 1764 2061 Santiffimo
1791 2025 1853 2059 Sa-
1893 2066 1896 2069 .
1917 2050 1920 2055 .
1944 2054 1946 2057 ,

337 2096 359 2113 ,,
384 2083 559 2118 gramento
574 2083 636 2108 con
662 2073 800 2118 portal-fi
818 2074 872 2109 del
890 2076 1028 2120 proprio
1050 2081 1115 2110 occ·
1134 2086 1197 2110 una
1223 2075 1344 2111 forcia
1369 2087 1426 2121 per
1439 2075 1600 2110 ciascuno
1618 2100 1626 2112 ,
1650 2085 1668 2108 e
1687 2073 1757 2107 cosi
1780 2072 1847 2106 ser-

337 2145 361 2159 „
383 2120 457 2156 vire
480 2121 514 2155 in
531 2128 618 2155 tutte
636 2120 667 2155 le
680 2119 834 2156 funzioni
853 2148 864 2161 ‚
887 2124 948 2156 che
963 2121 984 2155 si
1009 2120 1147 2156 saranno
1161 2134 1221 2168 pro
1245 2131 1395 2168 tempore
1411 2124 1501 2158 dalla
1519 2122 1614 2158 detta
1631 2119 1848 2165 compagnias

337 2193 361 2207 ‚‚
384 2163 437 2201 del
451 2168 639 2202 Santissiino
652 2167 871 2214 Sagramento
884 2170 914 2204 di
932 2169 962 2201 S.
982 2168 1061 2203 Gio:
1081 2169 1296 2215 Evangelista
1311 2193 1320 2208 2
1347 2168 1514 2213 prestando
1533 2169 1623 2203 mlle
1643 2167 1720 2203 fe'te
1737 2179 1754 2201 e
1769 2166 1848 2201 fun-

338 2240 361 2256 „
385 2214 478 2248 zioni
497 2214 604 2257 quell⁵
618 2215 736 2257 ajuro,
764 2216 825 2251 che
847 2225 1011 2260 potr-anno
1024 2227 1089 2251 con
1110 2217 1139 2251 le
1162 2216 1234 2252 loro
1247 2217 1388 2252 Persone
1403 2243 1412 2256 ‚
1440 2217 1735 2263 particolar-neme
1753 2212 1846 2247 nelle

337 2288 362 2305 ‚‚
387 2259 594 2295 Confeffioni
610 2286 620 2299 ‚
646 2262 678 2296 se
698 2261 837 2298 saranno
861 2261 1073 2303 confessori,
1100 2276 1117 2298 e
1143 2264 1410 2303 Coinmunioni,
1432 2265 1552 2298 enelle
1578 2260 1683 2297 Mff:
1709 2260 1845 2294 Canta-

338 2334 361 2351 ‚‚
388 2317 444 2346 te,
473 2318 492 2341 e
512 2306 673 2351 Vesperi:
697 2309 772 2344 Che
796 2310 929 2346 ciascun
953 2311 1162 2355 cappellano
1180 2310 1222 2347 fia
1243 2321 1360 2346 tenuto
1373 2312 1440 2345 alla
1457 2321 1541 2355 pena
1561 2311 1593 2344 di
1613 2322 1654 2343 un
1669 2316 1790 2354 quarto
1810 2305 1844 2340 di

339 2381 360 2396 ,‚
387 2354 488 2399 paolo
501 2364 558 2400 per
579 2354 735 2389 ciascuno
751 2382 759 2395 ,
786 2369 804 2390 e
821 2357 975 2392 ciascuna
999 2358 1090 2393 velta
1104 2384 1114 2397 ,
1140 2357 1202 2392 che
1217 2357 1381 2394 inancaffe
1406 2358 1590 2392 d’affistere
1604 2381 1614 2394 ‚
1639 2367 1732 2390 come
1749 2353 1844 2396 sopra

338 2425 361 2442 ‚‚
386 2401 482 2435 senza
508 2401 659 2446 legitimo
682 2401 922 2446 impedimento
938 2416 956 2437 e
979 2401 1128 2450 legitima
1145 2405 1265 2441 causa.
1291 2430 1313 2443 ‚‚
1341 2406 1469 2441 Omnes
1491 2405 1633 2449 denique
1654 2402 1845 2445 ΕΞΡΡθΗᾶ·

384 2458 442 2482 nos
466 2448 574 2484 voluit
590 2447 654 2482 esse
676 2448 868 2484 Sacerdotes
891 2475 900 2489 ,
930 2461 972 2483 ne
1007 2452 1077 2486 illis
1102 2452 1238 2497 quidem
1262 2452 1411 2497 exceptis
1442 2453 1598 2491 Domus,
1623 2448 1843 2493 Famam-que

385 2495 578 2541 Zoppiniae,
605 2497 635 2530 &
653 2506 920 2542 unumquemque
940 2509 1057 2532 eorum
1072 2499 1106 2531 in
1133 2500 1247 2534 orbern
1262 2499 1404 2533 biennio
1429 2499 1606 2545 quolibet,
1635 2494 1843 2529 administra&

384 2551 421 2575 re
443 2544 558 2577 debere
574 2552 663 2576 certa
686 2545 833 2587 quaedam
853 2543 964 2584 Bona,
989 2556 1132 2590 quorum
1145 2546 1270 2581 fructus
1296 2545 1332 2580 in
1354 2546 1471 2582 dotem
1495 2554 1674 2593 pauperum
1704 2542 1844 2578 Puella-

383 2597 454 2622 rum
477 2588 664 2633 erogandos
691 2589 873 2635 reliquerat
890 2619 898 2626 .

335 2633 492 2685 Testator
511 2636 577 2679 ipse
606 2636 727 2680 primos
743 2636 971 2683 Cappellanos
999 2639 1211 2680 nominavit,
1237 2637 1424 2686 quosinter
1445 2640 1538 2680 Joan:
1564 2637 1670 2672 Lucas
1685 2633 1842 2680 seraphi-
1885 2675 1891 2680 -

380 2693 453 2717 nius
467 2708 476 2720 ‚
505 2682 560 2727 qui
578 2682 752 2725 septimam
771 2685 920 2719 obtinuit
934 2685 1194 2731 Cappellaniam
1208 2711 1218 2722 .
1244 2688 1315 2721 Hic
1328 2712 1338 2725 ,
1359 2686 1515 2721 defuneto
1539 2684 1716 2719 Testatore
1730 2710 1739 2722 ‚
1767 2681 1844 2728 pos-
1929 2718 1933 2722 ,

378 2727 550 2764 seffionem
573 2729 685 2764 naCtus
697 2729 767 2769 est,
791 2731 824 2766 ὅ(
851 2733 1063 2768 Sacerdotem
1078 2733 1183 2769 alium
1199 2758 1209 2772 ‚
1236 2733 1295 2779 qui
1318 2743 1419 2767 onera
1446 2732 1665 2779 Cappellanis
1679 2733 1756 2766 data
1780 2740 1853 2764 ex-
1899 2726 1901 2732 ¹
1930 2732 1932 2736 “

1659 2778 1764 2825 pleret
1782 2802 1792 2818 ,
1893 2800 1933 2961 ἱ
